%h1
@Book{Devlin1993Sets,
  author =       {Keith Devlin},
  title =        {The Joy of Sets: Fundamentals of Contemporary Set Theory},
  publisher =    {Springer},
  year =         1993,
  series =       {Undergraduate Texts in Mathematics},
  edition =      {Second},
  note =         {ISBN 0-387-94094-4},
  doi =          {10.1007/978-1-4612-0903-4},
  annote =       {Vorhanden, auch als Pdf (erstes Kapitel).}
}

@Book{Halmos1960SetTheory,
  author =       {Paul R. Halmos},
  title =        {Naive Set Theory},
  publisher =    {Springer},
  year =         1974,
  series =       {Undergraduate Texts in Mathematics},
  note =         {Republication of D. Van Nostrand Company, Inc., 1960},
  doi =          {10.1007/978-1-4757-1645-0},
  annote =       {Pdf vorhanden.}
}

@misc{h3,
  author    = {Judson, Thomas W.},
  title     = {Abstract Algebra: Theory and Applications},
  publisher = {Stephen F. Austin State University},
  note      = {an open source textbook},
  url       = {http://abstract.ups.edu/aata/},
  year      = {2015},
}

@misc{h4,
  author    = {Cook, Stephen},
  title     = {The P Versus NP Problem},
  publisher = {Clay Mathematics Institute},
  url       = {http://www.claymath.org/sites/default/files/pvsnp.pdf},
  year      = {2000},
  type      = {Electronic Article}
}

@TechReport{BeyersdorffGwynneKullmann2013PHPER,
  author =       {Olaf Beyersdorff and Oliver Kullmann},
  title =        {Hardness measures and resolution lower bounds},
  institution =  {arXiv},
  year =         2014,
  number =       {arXiv:1310.7627v2 [cs.CC]},
  month =        {February},
  url =          {http://arxiv.org/abs/1310.7627},
  annote =       {2013_PHP.tex; der ER-Teil soll in \cite{BeyersdorffKullmann2014EPHP} bearbeitet werden, sonst Fortsetzung in \cite{BeyersdorffGwynneKullmann2013PHP} (unter gleicher Nummer).}
}


@Book{2008HandbuchSAT,
  editor =    {Armin Biere and Marijn J.H. Heule and Hans van Maaren and Toby Walsh},
  title =     {Handbook of Satisfiability},
  booktitle = {Handbook of Satisfiability},
  publisher = {IOS Press},
  year =      2009,
  Month =     {February},
  Volume =    {185},
  ISBN =      {978-1-58603-929-5},
  ISSN =      {0922-6389},
  Series =    {Frontiers in Artificial Intelligence and Applications},
  Pages =     {980},
  annote =    {Vorhanden (auch als pdf-Dateien).}
}
%h7 
@inproceedings{GalesiKullmann2003Hermitian,
  author    = {Nicola Galesi and
               Oliver Kullmann},
  title     = {Polynomial Time {SAT} Decision, Hypergraph Transversals and the Hermitian
               Rank},
  booktitle = {Theory and Applications of Satisfiability Testing, 7th International
               Conference, {SAT} 2004, Vancouver, BC, Canada, May 10-13, 2004, Revised
               Selected Papers},
  pages     = {89--104},
  year      = {2004},
  crossref  = {DBLP:conf/sat/2004lncs},
  url       = {http://dx.doi.org/10.1007/11527695_8},
  doi       = {10.1007/11527695_8},
  timestamp = {Mon, 02 Jan 2006 14:37:36 +0100},
  biburl    = {http://dblp.uni-trier.de/rec/bib/conf/sat/GalesiK04a},
  bibsource = {dblp computer science bibliography, http://dblp.org}
}
%h8
@TechReport{GwynneKullmann2013GoodRepresentationsIIex,
  author =       {Matthew Gwynne and Oliver Kullmann},
  title =        {A framework for good {SAT} translations, with applications to {CNF} representations of {XOR} constraints},
  institution =  {arXiv},
  year =         2014,
  number =       {arXiv:1406.7398v2 [cs.CC]},
  month =        {August},
  url =          {http://arxiv.org/abs/1406.7398}
}

%h9 
@TechReport{KullmannZhao2010Extremal,
  author =       {Oliver Kullmann and Xishun Zhao},
  title =        {Bounds for variables with few occurrences in conjunctive normal forms},
  institution =  {arXiv},
  year =         2016,
  number =       {arXiv:1408.0629v4 [math.CO]},
  month =        {April},
  url =          {http://arxiv.org/abs/1408.0629},
  annote =       {Zeitschriftenversion von \cite{KullmannZhao2011Bounds}; Datei Annotations/OK_XSZ_MinVarDegree.tex, submitted to JCSS.}
}

%h10DBLP:journals/eccc/ECCC-TR99-041
@TechReport{Ku99b,
  author =       {Oliver Kullmann},
  title =        {Investigating a general hierarchy of polynomially decidable classes of {CNF}'s based on short tree-like resolution proofs},
  institution =  {Electronic Colloquium on Computational Complexity (ECCC)},
  year =         1999,
  number =       {TR99-041},
  month =        {October},
  url =          {http://eccc.hpi-web.de/report/1999/041/}
}

%h11
@TechReport{GwynneKullmann2013GoodRepresentations,
  author =       {Matthew Gwynne and Oliver Kullmann},
  title =        {Towards a theory of good {SAT} representations},
  institution =  {arXiv},
  year =         2013,
  number =       {arXiv:1302.4421v4 [cs.AI]},
  month =        {May},
  url =          {http://arxiv.org/abs/1302.4421},
  annote =       {Fortgesetzt durch GwynneKullmann2013GoodRepresentationsI-III.}
}

%h12
@TechReport{KullmannZhao2015FullClauses,
  author =       {Oliver Kullmann and Xishun Zhao},
  title =        {Parameters for minimal unsatisfiability: {S}marandache primitive numbers and full clauses},
  institution =  {arXiv},
  year =         "2015",
  number =       {arXiv:1505.02318v2 [cs.DM]},
  month =        {July},
  url =          {http://arxiv.org/abs/1505.02318},
  annote =       {Datei Annotations/OK_XSZ_FullSAT.tex. Submitted to DAM.}
}

%h13
@TechReport{GwynneKullmann2012Slur,
  author =       {Matthew Gwynne and Oliver Kullmann},
  title =        {Generalising unit-refutation completeness and {SLUR} via nested input resolution},
  institution =  {arXiv},
  year =         2013,
  number =       {arXiv:1204.6529v5 [cs.LO]},
  month =        {January},
  url =          {http://arxiv.org/abs/1204.6529}
}

%h14
@InProceedings{Ku2003e,
  author =       {Oliver Kullmann},
  title =        {The Combinatorics of Conflicts between Clauses},
  booktitle =    {Theory and Applications of Satisfiability Testing 2003},
  crossref =     {SantaMargherita2003b},
  pages =        {426--440},
  doi =          {10.1007/978-3-540-24605-3_32},
  note =         {This is a slightly shortened version of \cite{Ku2003b}.}
}

%h15
@book{h15, 
  author    = {Bollobás, Béla},
  title     = {Modern graph theory},
  publisher = {Springer},
  address   = {New York},
  series    = {Graduate texts in mathematics},
  pages     = {xiii, 394 p.},
  ISBN      = {0387984917 (acid-free paper)0387984887 (pbk. acid-free paper)},
  url       = {Publisher description http://www.loc.gov/catdir/enhancements/fy0816/98011960-d.html},
  year      = {1998},
  type      = {Book}
}

@inproceedings{DBLP:conf/sat/NewshamGFAS14,
  author    = {Zack Newsham and
               Vijay Ganesh and
               Sebastian Fischmeister and
               Gilles Audemard and
               Laurent Simon},
  title     = {Impact of Community Structure on {SAT} Solver Performance},
  booktitle = {Theory and Applications of Satisfiability Testing - {SAT} 2014 - 17th
               International Conference, Held as Part of the Vienna Summer of Logic,
               {VSL} 2014, Vienna, Austria, July 14-17, 2014. Proceedings},
  pages     = {252--268},
  year      = {2014},
  crossref  = {DBLP:conf/sat/2014},
  url       = {http://dx.doi.org/10.1007/978-3-319-09284-3_20},
  doi       = {10.1007/978-3-319-09284-3_20},
  timestamp = {Wed, 02 Jul 2014 14:22:45 +0200},
  biburl    = {http://dblp.uni-trier.de/rec/bib/conf/sat/NewshamGFAS14},
  bibsource = {dblp computer science bibliography, http://dblp.org}
}

@inproceedings{DBLP:conf/sat/AnsoteguiGL12,
  author    = {Carlos Ans{\'{o}}tegui and
               Jes{\'{u}}s Gir{\'{a}}ldez{-}Cru and
               Jordi Levy},
  title     = {The Community Structure of {SAT} Formulas},
  booktitle = {Theory and Applications of Satisfiability Testing - {SAT} 2012 - 15th
               International Conference, Trento, Italy, June 17-20, 2012. Proceedings},
  pages     = {410--423},
  year      = {2012},
  crossref  = {DBLP:conf/sat/2012},
  url       = {http://dx.doi.org/10.1007/978-3-642-31612-8_31},
  doi       = {10.1007/978-3-642-31612-8_31},
  timestamp = {Mon, 18 Jun 2012 12:30:05 +0200},
  biburl    = {http://dblp.uni-trier.de/rec/bib/conf/sat/AnsoteguiGL12},
  bibsource = {dblp computer science bibliography, http://dblp.org}
}

%h18
@InProceedings{BeyersdorffKullmann2014PHP,
  author =       {Olaf Beyersdorff and Oliver Kullmann},
  title =        {Unified characterisations of resolution hardness measures},
  booktitle =    {Theory and Applications of Satisfiability Testing - SAT 2014},
  crossref =     {Wien2014},
  pages =        {170--187},
  year =         2014,
  doi =          {10.1007/978-3-319-09284-3_13},
  annote =       {2014_PHP.tex; \cite{BeyersdorffGwynneKullmann2013PHPER} ist der zugrundeliegende Bericht.}
}

%h19
@Article{Kl93,
  author    = {Hans {Kleine B{\"u}ning}},
  title     = {On generalized {H}orn formulas and {$k$}-resolution},
  journal   = {Theoretical Computer Science},
  year      = {1993},
  volume    = {116},
  number    = {2},
  pages     = {405--413},
  month     = {August},
  doi       = {10.1016/0304-3975(93)90331-M}
}

%h20
@InCollection{Ts68,
  author =       {G.S. Tseitin},
  title =        {On the Complexity of Derivation in Propositional Calculus},
  booktitle =    {Automation of Reasoning 2: Classical Papers on Computational Logic 1967--1970},
  pages =        {466--483},
  publisher =    {Springer},
  year =         1983,
  editor =       {Jörg H. Siekmann and Graham Wrightson},
  series =       {Symbolic Computation: Artificial Intelligence},
  note =         {Original publication: Seminars in Mathematics, V.A.~Steklov Mathematical Institute, Leningrad, 1968, Volume 8; english translation: Studies in mathematics and mathematical logic, Part II (A.O. Slisenko, editor), 1970, pages 115-125},
  doi =          {10.1007/978-3-642-81955-1_28},
  annote =       {Pdf-Datei vorhanden.}
}

%h21DBLP:conf/soda/PudlakI00
@InProceedings{PI2000,
  author =       {Pavel Pudl{\'{a}}k and Russell Impagliazzo},
  title =        {A lower bound for {DLL} algorithms for $k$-{SAT} (preliminary version)},
  booktitle =    {SODA},
  pages =        {128--136},
  year =         2000,
  publisher =    {ACM/SIAM},
  annote =       {Zu besorgen; Vorversion als Pdf vorhanden.}
}

@article{DBLP:journals/ipl/BeyersdorffGL13,
  author    = {Olaf Beyersdorff and
               Nicola Galesi and
               Massimo Lauria},
  title     = {A characterization of tree-like Resolution size},
  journal   = {Inf. Process. Lett.},
  volume    = {113},
  number    = {18},
  pages     = {666--671},
  year      = {2013},
  url       = {http://dx.doi.org/10.1016/j.ipl.2013.06.002},
  doi       = {10.1016/j.ipl.2013.06.002},
  timestamp = {Thu, 18 Jul 2013 14:50:52 +0200},
  biburl    = {http://dblp.uni-trier.de/rec/bib/journals/ipl/BeyersdorffGL13},
  bibsource = {dblp computer science bibliography, http://dblp.org}
}

%h23
@InProceedings{GwynneKullmann2013GoodRepresentationsIILata,
  author =       {Matthew Gwynne and Oliver Kullmann},
  title =        {On {SAT} representations of {XOR} constraints},
  booktitle =    {LATA 2014: Language and Automata Theory and Applications, 8th International Conference},
  pages =        {409--420},
  year =         2014,
  editor =       {Adrian-Horia Dediu and Carlos Mart{\'{\i}}n-Vide and Jos{\'{e}}-Luis Sierra and Bianca Truthe},
  volume =       {8370},
  series =       {Lecture Notes in Computer Science (LNCS)},
  publisher =    {Springer},
  doi =          {10.1007/978-3-319-04921-2_33},
  annote =       {Zugrundeliegender Bericht ist \cite{GwynneKullmann2013GoodRepresentationsII}.}
}

%h24
@article{KleineBuening2000SubclassesMU,
  author    = {Hans Kleine{ }B{\"{u}}ning},
  title     = {On subclasses of minimal unsatisfiable formulas},
  journal   = {Discrete Applied Mathematics},
  volume    = {107},
  number    = {1-3},
  pages     = {83--98},
  year      = {2000},
  url       = {http://dx.doi.org/10.1016/S0166-218X(00)00245-6},
  doi       = {10.1016/S0166-218X(00)00245-6},
  timestamp = {Thu, 18 Aug 2011 16:29:13 +0200},
  biburl    = {http://dblp.uni-trier.de/rec/bib/journals/dam/Buning00},
  bibsource = {dblp computer science bibliography, http://dblp.org}
}

%h25
@incollection{Kullmann2007HandbuchMU,
  author    = {Hans Kleine{ }B{\"{u}}ning and
               Oliver Kullmann},
  title     = {Minimal Unsatisfiability and Autarkies},
  booktitle = {Handbook of Satisfiability},
  pages     = {339--401},
  year      = {2009},
  crossref  = {2008HandbuchSAT},
  url       = {http://dx.doi.org/10.3233/978-1-58603-929-5-339},
  doi       = {10.3233/978-1-58603-929-5-339}
}

%h26 
@TechReport{KullmannZhao2016UHitSAT,
  author =       {Oliver Kullmann and Xishun Zhao},
  title =        {Unsatisfiable hitting clause-sets with three more clauses than variables},
  institution =  {arXiv},
  year =         {2016},
  number =       {arXiv:1604.01288v1 [cs.DM]},
  month =        {April},
  url =          {http://arxiv.org/abs/1604.01288},
  annote =       {Datei Annotations/OK_XSZ_SAT2016conference.tex.}
}
%h27
@inproceedings{Ku99dK,
  author    = {Oliver Kullmann},
  title     = {An Application of Matroid Theory to the {SAT} Problem},
  booktitle = {Proceedings of the 15th Annual {IEEE} Conference on Computational
               Complexity, Florence, Italy, July 4-7, 2000},
  pages     = {116},
  year      = {2000},
  url       = {http://dx.doi.org/10.1109/CCC.2000.856741},
  doi       = {10.1109/CCC.2000.856741}
}

%h28DBLP:journals/dam/Kullmann03
@Article{Ku00f,
  author =       {Oliver Kullmann},
  title =        {Lean clause-sets: Generalizations of minimally unsatisfiable clause-sets},
  journal =      {Discrete Applied Mathematics},
  year =         2003,
  volume =       130,
  pages =        {209--249},
  doi =          {10.1016/S0166-218X(02)00406-7},
  annote =       {pdf-Datei vorhanden.}
}

%h29
@article{KullmannZhao2012ConfluenceJ,
  author    = {Oliver Kullmann and
               Xishun Zhao},
  title     = {On Davis-Putnam reductions for minimally unsatisfiable clause-sets},
  journal   = {Theor. Comput. Sci.},
  volume    = {492},
  pages     = {70--87},
  year      = {2013},
  url       = {http://dx.doi.org/10.1016/j.tcs.2013.04.020},
  doi       = {10.1016/j.tcs.2013.04.020},
  timestamp = {Tue, 18 Jun 2013 19:53:28 +0200},
  biburl    = {http://dblp.uni-trier.de/rec/bib/journals/tcs/KullmannZ13},
  bibsource = {dblp computer science bibliography, http://dblp.org}
}

%h30 removed
%h31 removed

%h32 
@Article{DDK98,
  author =       {Gennady Davydov and Inna Davydova and Hans {Kleine B{\"u}ning}},
  title =        {An efficient algorithm for the minimal unsatisfiability problem for a subclass of {CNF}},
  journal =      {Annals of Mathematics and Artificial Intelligence},
  year =         1998,
  volume =       23,
  number =       {3-4},
  pages =        {229--245},
  doi =          {10.1023/A:1018924526592},
  annote =       {Vorhanden.}

%h33
@article{Kl93,
  author    = {Hans Kleine{ }B{\"{u}}ning},
  title     = {On generalized Horn formulas and k-resolution},
  journal   = {Theor. Comput. Sci.},
  volume    = {116},
  number    = {2},
  pages     = {405--413},
  year      = {1993},
  url       = {http://dx.doi.org/10.1016/0304-3975(93)90331-M},
  doi       = {10.1016/0304-3975(93)90331-M}
}

%h34 removed

%h35
@Article{Ku00g,
  author =       {Oliver Kullmann},
  title =        {Upper and Lower Bounds on the Complexity of Generalised Resolution and Generalised Constraint Satisfaction Problems},
  journal =      {Annals of Mathematics and Artificial Intelligence},
  year =         2004,
  volume =       40,
  number =       {3-4},
  pages =        {303--352},
  month =        {March},
  doi =          {10.1023/B:AMAI.0000012871.08577.0b},
  annote =       {pdf-Datei vorhanden.}
}

@Misc{Sloane2008OEIS,
  author =       {Neil J.A. Sloane},
  title =        {The {O}n-{L}ine {E}ncyclopedia of {I}nteger {S}equences ({OEIS})},
  year =         2008,
  url =          {http://oeis.org/}
}

