@PREAMBLE{"\newcommand{\noopsort}[1]{}"}

@MastersThesis{Ku92,
  author =       "Oliver Kullmann",
  title =        "{Obere und untere Schranken f{\"u}r die Komplexit{\"a}t von aussagenlogischen Resolutionsbeweisen und Klassen von SAT-Algorithmen}",
  school =       "Johann Wolfgang Goethe-Universit{\"a}t Frankfurt am Main",
  year =         1992,
  month =        "April",
  note =         "(Upper and lower bounds for the complexity of propositional resolution proofs and classes of SAT algorithms (in German); Diplomarbeit am Fachbereich Mathematik)"
}

@Article{Ku93,
  author =       "Oliver Kullmann",
  title =        "Methods for {3-SAT-decision} in less than $2^{0.59 \cdot n}$ steps",
  journal =      "The Bulletin of Symbolic Logic",
  volume =       1,
  number =       1,
  pages =        "96--97",
  year =         1995,
  note =         "Abstracts of contributed papers of the Logic Colloquium' 93, Keele, England, July 20 - 29, 1993"
}

@InProceedings{Ku95,
  author =       "Oliver Kullmann",
  title =        "Algorithms and upper bounds for {SAT}-decision",
  volume =       3,
  number =       1,
  series =       "The Bulletin of Symbolic Logic",
  pages =        141,
  year =         1997,
  organization = "Association for Symbolic Logic",
  month =        "March",
  note =         "Abstracts of contributed talks of the Logic
                  Colloquium' 95, Haifa, Israel, August 9 - 17, 1995"
}

@Unpublished{Ku95b,
  author =       {Oliver Kullmann},
  title =        {Discussion of the branching stategies minlen and dsj},
  note =         {Can be obtained from my home page},
  month =        {April},
  year =         1995,
  annote =       {Siehe ps-Datei.}
}

@Unpublished{Ku96,
  author =       "Oliver Kullmann",
  title =        "A systematical approach to {3-SAT} decision, yielding {3-SAT} decision in less than $1.5045^n$ steps",
  note =         "Preliminary version of \cite{Ku97b}",
  year =         1996,
  month =        "February"
}

@InProceedings{Ku96a,
  author =       {Oliver Kullmann},
  title =        {Worst-case Analysis, {3-SAT} Decision and Lower Bounds: Approaches for Improved {SAT} Algorithms},
  crossref =     {DIM96},
  pages =        {261-313}
}
@Unpublished{Ku96akurz,
  author =       "O.~Kullmann",
  title =        "Worst-case Analysis, {3-SAT} Decision and Lower Bounds: Approaches for Improved {SAT} Algorithms",
  note =         "\textit{DIMACS Series in Disc.~Math.~and Theor.~Comp.~Sc.}, volume 35",
  year =         "1997"
}

@InProceedings{Ku96b,
  author =       "Oliver Kullmann",
  title =        "A note on a generalization of Extended Resolution",
  note =         "Preliminary version of \cite{Ku96c}",
  pages =        "73--95",
  crossref =     "Siena96"
}
@Article{Ku96c,
  author =       {Oliver Kullmann},
  title =        {On a generalization of extended resolution},
  journal =      {Discrete Applied Mathematics},
  year =         1999,
  volume =       {96-97},
  pages =        {149--176},
  month =        {October},
  doi =          {10.1016/S0166-218X(99)00037-2}
}
@InProceedings{Ku96d,
  author =       "Oliver Kullmann",
  title =        "Some remarks on extended resolution",
  volume =       3,
  number =       2,
  series =       "The Bulletin of Symbolic Logic",
  pages =        267,
  year =         1997,
  organization = "Association for Symbolic Logic",
  month =        "June",
  note =         "Abstracts of contributed talks of the Logic Colloquium' 96, Donostia-San Sebasti{\'a}n, Spain, July 9 - 15, 1996"
}

@Unpublished{Ku96e,
  author =       "Oliver Kullmann",
  title =        "An exponential lower bound for a general class of {DPLL}-like algorithms for {SAT}-decision",
  note =         "Preprint",
  year =         1996,
  month =        "March"
}

@PhdThesis{Ku97D,
  author =       "Oliver Kullmann",
  title =        "{Das SAT-Problem: Ein systematischer Ansatz f{\"u}r effiziente Algorithmen zum aussagenlogischen Erf{\"u}llbarkeitsproblem, ausgehend von neuen Instrumenten der ``worst-case''-Analyse}",
  school =       "Johann Wolfgang Goethe-Universit{\"a}t Frankfurt am Main, Fachbereich Mathematik",
  year =         1997,
  month =        "August"
}

@Article{Ku97b,
  author =       "Oliver Kullmann",
  title =        "New methods for 3-{SAT} decision and worst-case analysis",
  journal =      "Theoretical Computer Science",
  year =         1999,
  volume =       223,
  number =       "1-2",
  pages =        "1--72",
  month =        "July",
  doi =          {10.1016/S0304-3975(98)00017-6}
}
@Article{Ku97bkurz,
  author =       "O.~Kullmann",
  title =        "New methods for 3-{SAT} decision and worst-case analysis",
  journal =      "TCS",
  year =         1999,
  volume =       223,
  number =       "1-2",
  pages =        "1--72"
}

@Article{Ku97c,
  author =       {Oliver Kullmann},
  title =        {Some new tools for SAT decision},
  journal =      {The Bulletin of Symbolic Logic},
  year =         1998,
  volume =       4,
  number =       1,
  pages =        {93--94},
  annote =       {Abstracts of contributed papers of the Logic Colloquium' 97, Leeds, England, July 7 - 12, 1997}
}

@InProceedings{Ku98b,
  author =       "Oliver Kullmann",
  title =        "Heuristics for {SAT} algorithms: A systematic study",
  booktitle =    "{SAT}'98",
  year =         1998,
  month =        "March",
  note =         "Extended abstract for the Second workshop on the satisfiability problem, May 10 - 14, 1998, Eringerfeld, Germany"
}

@Unpublished{Ku98c,
  author =     "Oliver Kullmann",
  title =      "Heuristics for {SAT} algorithms: Searching for some foundations",
  note =       "Manuscript, 23 pages, based on \cite{Ku98b} (data for satisfiable instances has been included September 1999); the ps-file is available from \url{http://cs.swan.ac.uk/~csoliver/}",
  year =       1998,
  month =      "September"
}
@Unpublished{Ku98cnormal,
  author =     "Oliver Kullmann",
  title =      "Heuristics for {SAT} algorithms: Searching for some foundations",
  note =       "Manuscript, 23 pages, based on \cite{Ku98b}",
  year =       1998,
  month =      "September"
}
@Misc{Ku98ckurz,
  author =     "O.~Kullmann",
  title =      "Heuristics for {SAT} algorithms: Searching for some foundations",
  howpublished = "Manuscript",
  year = 1999,
  note = {23 pages, previous version in \textit{SAT'98}}
}

@Unpublished{Ku98d,
  author =     "Oliver Kullmann",
  title =      "A first summary on minimal unsatisfiable clause-sets",
  year =       1998,
  month =      "June",
  note =       "Preprint, 6 pages"
}

@Unpublished{Ku98d2,
  author =     "Oliver Kullmann",
  title =      "Summary no.~2 on minimal unsatisfiable clause-sets",
  year =       1998,
  month =      "September",
  note =       "Preprint, 10 pages"
}

@Article{Ku98e,
  author =      {Oliver Kullmann},
  title =       {Investigations on autark assignments},
  journal =     {Discrete Applied Mathematics},
  year =        2000,
  volume =      107,
  pages =       {99--137},
  doi =         {10.1016/S0166-218X(00)00262-6}
}
@Article{Ku98ekurz,
  author =       {O.~Kullmann},
  title =        {Investigations on autark assignments},
  journal =      {DAM},
  year =         2000,
  volume =       107,
  pages =        {99--137}
}

@Article{Ku98f,
  author =       {Oliver Kullmann},
  title =        {Restricted versions of extended resolution},
  journal =      {The Bulletin of Symbolic Logic},
  year =         1999,
  volume =       5,
  number =       1,
  pages =        119,
  note =         {Abstracts of contributed papers of the Logic Colloquium' 98, Prague, Czech Republic, August 9 - 15, 1998}
}

@Unpublished{Ku99a,
  author =       "Oliver Kullmann",
  title =        "A general hierarchy of polynomially decidable classes of {CNF}'s based on short tree-like resolution proofs",
  note =         "Preprint, 40 pages",
  year =         1999,
  month =        "March"
}

@TechReport{Ku99b,
  author =       {Oliver Kullmann},
  title =        {Investigating a general hierarchy of polynomially decidable classes of {CNF}'s based on short tree-like resolution proofs},
  institution =  {Electronic Colloquium on Computational Complexity (ECCC)},
  year =         1999,
  number =       {TR99-041},
  month =        {October},
  note =         {\url{http://eccc.hpi-web.de/report/1999/041/}}
}
@TechReport{Ku99bkurz,
  author =       {O.~Kullmann},
  title =        {Investigating a general hierarchy of polynomially decidable classes of {CNF}'s based on short tree-like resolution proofs},
  institution =  {ECCC},
  year =         1999,
  number =       {TR99-041}
}

@Unpublished{Ku99c,
  author =       {Oliver Kullmann},
  title =        {On conjunctive normal forms with small defect},
  note =         {Preliminary version of \cite{Ku99d}},
  month =        {October},
  year =         1999
}

@TechReport{Ku99d,
  author =       {Oliver Kullmann},
  title =        {An application of matroid theory to the {SAT} problem},
  institution =  {Electronic Colloquium on Computational Complexity (ECCC)},
  year =         2000,
  number =       {TR00-018},
  month =        {March},
  note =         {\url{http://eccc.hpi-web.de/report/2000/018/}}
}

@InProceedings{Ku99dK,
  author =       {Oliver Kullmann},
  title =        {An application of matroid theory to the {SAT} problem},
  booktitle =    {Proceedings of the 15th Annual IEEE Conference on Computational Complexity},
  year =         2000,
  month =        {July},
  pages =        {116--124},
  note =         {See also TR00-018, Electronic Colloquium on Computational Complexity (ECCC), March 2000},
  doi =          {10.1109/CCC.2000.856741}
}

@InProceedings{Ku99dKo,
  author =       {Oliver Kullmann},
  title =        {An application of matroid theory to the {SAT} problem},
  booktitle =    {Proceedings of the 15th Annual IEEE Conference on Computational Complexity},
  year =         2000,
  month =        {July},
  pages =        {116--124},
  doi =          {10.1109/CCC.2000.856741}
}
@InProceedings{Ku99dKokurz,
  author =    {O.~Kullmann},
  title =     {An application of matroid theory to the {SAT} problem},
  booktitle = {CoCo2000},
  year = 2000,
  pages = "116--124"
}

@InProceedings{Ku000,
  author =       {Oliver Kullmann},
  title =        {An improved version of width restricted resolution},
  booktitle =    {Electronical Proceedings of Sixth International Symposium on Artificial Intelligence and Mathematics},
  year =         2000,
  month =        {January},
  note =         {11 pages; \url{http://rutcor.rutgers.edu/~amai/aimath00/AcceptedCont.htm}}
}

@Unpublished{Ku00c,
  author =       {Oliver Kullmann},
  title =        {Tree resolution for {CNFs} derived from first order sentences},
  note =         {Report; University of Toronto},
  year =         2000,
  month =        {August}
}

@Article{Ku00e,
  author =       {Oliver Kullmann},
  title =        {On polynomial time decidable hierarchies of SAT instances},
  journal =      {The Bulletin of Symbolic Logic},
  year =         2000,
  volume =       6,
  number =       1,
  pages =        {117--118},
  month =        {March},
  note =         {Abstracts of contributed papers of the Logic Colloquium' 99, Utrecht, The Netherlands, August 1 - 6, 1999}
}

@Article{Ku00f,
  author =       {Oliver Kullmann},
  title =        {Lean clause-sets: Generalizations of minimally unsatisfiable clause-sets},
  journal =      {Discrete Applied Mathematics},
  year =         2003,
  volume =       130,
  pages =        {209--249},
  doi =          {10.1016/S0166-218X(02)00406-7},
  annote =       {pdf-Datei vorhanden.}
}

@Article{Ku00g,
  author =       {Oliver Kullmann},
  title =        {Upper and Lower Bounds on the Complexity of Generalised Resolution and Generalised Constraint Satisfaction Problems},
  journal =      {Annals of Mathematics and Artificial Intelligence},
  year =         2004,
  volume =       40,
  number =       {3-4},
  pages =        {303--352},
  month =        {March},
  doi =          {10.1023/B:AMAI.0000012871.08577.0b},
  annote =       {pdf-Datei vorhanden.}
}

@Unpublished{Ku00h,
  author =       {Oliver Kullmann},
  title =        {On optimal branching heuristics in a general setting},
  note =         {In preparation},
  month =        {September},
  year =         2000,
  annote =       {Soll u.a. den Beweis enthalten, dass die tau-Regel bzgl. Delta n optimal ist fuer "systems of problem instances" bzgl. der Komplexitaet von Aufspaltungsbaeumen, wenn nur die trivialen Orakel benutzt werden. (Angekuendigt in \cite{Ku00g}.). Wird wohl in \cite{Ku2002g} aufgehen.}
}

@Unpublished{Ku00k,
  author =       {Oliver Kullmann},
  title =        {Some general considerations on heuristics, and the {SAT} solver ``{OKsolver}''},
  note =         {In preparation},
  month =        {September},
  year =         2000,
  annote =       {Neue Version von \cite{Ku98c}. Wird wohl abgeblasen. Der Heuristik-Teil wird \cite{Ku2002g}.}
}

@Unpublished{Ku00l,
  author =       {Oliver Kullmann},
  title =        {{SAT} decision by adding colour to matching theory},
  note =         {Preprint, 10 pages; the ps-file is available from the authors home page \url{http://cs.swan.ac.uk/~csoliver/}; generalised in \cite{Ku2002i}},
  month =        {August},
  year =         2000
}

@Article{Ku00m,
  author =       {Oliver Kullmann},
  title =        {On minimally unsatisfiable conjunctive normal forms},
  journal =      {The Bulletin of Symbolic Logic},
  year =         2001,
  volume =       7,
  number =       1,
  pages =        128,
  note =         {Abstracts of contributed papers of the Logic Colloquium' 00, Paris, France, July 23 - 31, 2000}
}

@InProceedings{Ku01a,
  author =       {Oliver Kullmann},
  title =        {On the use of autarkies for satisfiability decision},
  booktitle =    {LICS 2001 Workshop on Theory and Applications of Satisfiability Testing (SAT 2001)},
  year =         2001,
  editor =       {Henry Kautz and Bart Selman},
  volume =       9,
  series =       {Electronic Notes in Discrete Mathematics (ENDM)},
  month =        {June},
  publisher =    {Elsevier Science},
  pages =        {231--253},
  doi =          {10.1016/S1571-0653(04)00325-7},
  annote =       {ps-Datei vorhanden}
}
@InProceedings{Ku01a_kurz,
  author =       {Oliver Kullmann},
  title =        {On the use of autarkies for satisfiability decision},
  booktitle =    {LICS Workshop SAT 2001},
  volume =       9,
  series =       {ENDM},
}

@InProceedings{Ku01b,
  author =       {Oliver Kullmann},
  title =        {On the use of autarkies for satisfiability decision},
  booktitle =    {Proceedings of the International School-Seminar on Discrete Mathematics and Mathematical Cybernetics (Dubna, May 31 -- June 3)},
  crossref =     {Dub2001},
  pages =        {4--6},
  year =         2001
}


@Unpublished{Ku2001c,
  author =       {Oliver Kullmann},
  title =        {{Q}uadratische {F}ormen und {K}lauselmengen},
  note =         {Nicht zur Ver\"offentlichung bestimmt, sondern nur als vorl\"aufiger interner Bericht},
  month =        {August},
  year =         2001,
  annote =       {Im Ordner "Aktuelles" als "QuadF.tex" (dies im Ordner "papers").}
}

@Unpublished{Ku2001d,
  author =       {Oliver Kullmann},
  title =        {{M}inimal unerf{\"{u}}llbare {K}lauselmengen},
  note =         {Nicht zur Ver\"offentlichung bestimmt, sondern nur als vorl\"aufiger interner Bericht},
  month =        {September},
  year =         2001,
  annote =       {Im Ordner "Aktuelles" (dies im Ordner "papers").}
}

@InProceedings{Ku2002a,
  author =       {Oliver Kullmann},
  title =        {Towards an adaptive density based branching rule for {SAT} solvers, using a database for mixed random conjunctive normal forms built upon the Advanced Encryption Standard ({AES})},
  booktitle =    {Fifth International Symposium on Theory and Applications of Satisfiability Testing},
  crossref =     {Cincinnati2002},
  pages =        {190--200},
  year =         2002
}
@InProceedings{Ku2002akurz,
  author =       {O.~Kullmann},
  title =        {Towards an adaptive density based branching rule for {SAT} solvers, using a database for mixed random conjunctive normal forms built upon the Advanced Encryption Standard ({AES})},
  booktitle =    {5th Int.~Symp.~on Theory and Applications of Satisfiability Testing},
  year =         2002,
  pages =        {190--200},
}

@TechReport{Ku2002b,
  author =       {Oliver Kullmann},
  title =        {First report on an adaptive density based branching rule for {DLL}-like {SAT} solvers, using a database for mixed random conjunctive normal forms created using the Advanced Encryption Standard ({AES})},
  institution =  {Swansea University, Computer Science Report Series (\url{http://www-compsci.swan.ac.uk/reports/2002.html})},
  year =         2002,
  number =       {CSR 19-2002},
  month =        {March},
  note =         {Extended version of \cite{Ku2002a}}
}

@Article{Ku2002c,
  author =       {Oliver Kullmann},
  title =        {Resolution as the logic of applying partial assignments},
  journal =      {The Bulletin of Symbolic Logic},
  year =         2002,
  volume =       8,
  number =       1,
  pages =        {145--146},
  note =         {Abstracts of contributed papers of the Logic Colloquium' 01, Vienna, Austria, August 6 - 11, 2001}
}

%Unpublished{Ku2002e,
%  author =      {Oliver Kullmann},
%  title =       {Generalised Satisfiability Problems: Foundations and Autarkies},
%  note =        {Journal version of the part of \cite{Ku01a} concerned with general systems; in preparation (currently 50 pages); to be submitted},
%  OPTkey =      {},
%  year =        {2004},
%  OPTannote =   {}
%}
@TechReport{Ku2002eTR2007,
  author =       {Oliver Kullmann},
  title =        {Generalised Satisfiability Problems: Foundations and Autarkies},
  institution =  {University of Wales Swansea, Computer Science Report Series (\url{http://www-compsci.swan.ac.uk/reports/2008.html})},
  year =         {2008},
  OPTkey =       {},
  OPTtype =      {},
  OPTnumber =    {CSR ???-2008},
  OPTaddress =   {},
  OPTmonth =     {},
  note =      {In preparation},
  OPTannote =    {}
}

@Unpublished{Ku2002f,
  author =       {Oliver Kullmann},
  title =        {{OK}generator and {OK}database: A system for large scale experimentation with random propositional formulas},
  note =         {In preparation; to be finished},
  OPTkey =       {},
  year =         {2004},
  OPTannote =    {}
}

@Unpublished{Ku2002g,
  author =       {Oliver Kullmann},
  title =        {Some general considerations on heuristics for search problems},
  note =         {In preparation (currently 16 pages); to be finished},
  year =         2004,
  annote =       {Das was von \cite{Ku00k} uebrigblieb (und hoffentlich auch was zu Systemen mit partieller Instantiierung). Sollte aber wohl in \cite{Kullmann2005c} aufgehen.}
}

@TechReport{Ku2002h,
  author =       {Oliver Kullmann},
  title =        {Investigating the behaviour of a {SAT} solver on random formulas},
  institution =  {Swansea University, Computer Science Report Series (available from \url{http://www-compsci.swan.ac.uk/reports/2002.html})},
  year =         2002,
  number =       {CSR 23-2002},
  month =        {October},
  note =         {119 pages}
}
@TechReport{Ku2002hohne,
  author =       {Oliver Kullmann},
  title =        {Investigating the behaviour of a {SAT} solver on random formulas},
  institution =  {Swansea University, Computer Science Report Series (available from \url{http://www-compsci.swan.ac.uk/reports/2002.html})},
  year =         2002,
  number =       {CSR 23-2002},
  month =        {October}
}
@TechReport{Ku2002hkurz,
  author =       {O.~Kullmann},
  title =        {Investigating the behaviour of a {SAT} solver on random formulas},
  institution =  {UW Swansea, Comp.~Sc.~Report Series},
  year =         2002,
  number =       {CSR 23-2002},
  month =        {October},
  note =         {119 pages}
}

@Unpublished{Ku2002i,
  author =       {Oliver Kullmann},
  title =        {Autarkies for generalised clause-sets},
  note =         {Journal version of the part of \cite{Ku01a} concerned with generalised clause-sets; in preparation (currently 13 pages); to be finished},
  OPTkey =       {},
  year =         {2004},
  annote =       {Siehe AutVerKlm.tex im Ordner "Aktuelles".}
}

@Unpublished{Ku2003a,
  author =       {Oliver Kullmann},
  title =        {Sammlung zu verallgemeinerten {K}lauselmengen},
  note =         {Nicht zur Ver\"offentlichung bestimmt, sondern nur als vorl\"aufiger interner Bericht},
  month =        {Januar},
  year =         2003,
  annote =       {Im Ordner "Aktuelles" (dies im Ordner "papers").}
}

@TechReport{Ku2003c,
  author =       {Oliver Kullmann},
  title =        {On the conflict matrix of clause-sets},
  institution =  {University of Wales Swansea, Computer Science Report Series},
  year =         2003,
  number =       {CSR 7-2003},
  month =        {March},
  note =         {\url{http://www.cs.swansea.ac.uk/reports/yr2003/CSR7-2003.pdf}},
  annote =       {Fortgesetzt in \cite{Ku2003d}.}
}

@InProceedings{Ku2003b,
  author =       {Oliver Kullmann},
  title =        {On some Connections between Linear Algebra and the Combinatorics of Clause-sets},
  booktitle =    {Sixth International Conference on Theory and Applications of Satisfiability Testing},
  crossref =     {SantaMargherita2003},
  pages =        {45--59},
  year =         2003,
  month =        {May}
}
@InProceedings{Ku2003e,
  author =       {Oliver Kullmann},
  title =        {The Combinatorics of Conflicts between Clauses},
  booktitle =    {Theory and Applications of Satisfiability Testing 2003},
  crossref =     {SantaMargherita2003b},
  pages =        {426--440},
  doi =          {10.1007/978-3-540-24605-3_32},
  note =         {This is a slightly shorted version of \cite{Ku2003b}.}
}

@TechReport{Ku2003f,
  author =       {Oliver Kullmann},
  title =        {Investigating the behaviour of a {SAT} solver on random formulas (updated version)},
  institution =  {University of Wales Swansea, Computer Science Report Series (\url{http://www-compsci.swan.ac.uk/reports/2007.html})},
  year =         2007,
  OPTnumber =    {???},
  OPTmonth =     {???},
  note =         {In preparation; updated version of \cite{Ku2002h}.}
}
@TechReport{Ku2004a,
  author =       {Oliver Kullmann},
  title =        {Modelling the behaviour of a {DLL} {SAT} solver on random formulas},
  institution =  {University of Wales Swansea, Computer Science Report Series (\url{http://www-compsci.swan.ac.uk/reports/2007.html})},
  year =         {2008},
  OPTkey =       {},
  OPTtype =      {},
  OPTnumber =    {???},
  OPTaddress =   {},
  OPTmonth =     {???},
  note =      {In prepration.},
  OPTannote =    {Extrahiert aus \cite{Ku2003f}.}
}

@Unpublished{Kullmann2004b,
  author =       {Oliver Kullmann},
  title =        {The linear algebra of conflicts for propositional clause-sets},
  note =         {Journal version of \cite{Ku2003e}},
  OPTkey =       {},
  OPTmonth =     {},
  year =         {2004},
  OPTannote =    {}
}

@Unpublished{Kullmann2004c,
  author =       {Oliver Kullmann},
  title =        {Conflict matrices and multi-hitting clause-sets},
  note =         {Extended Abstract for the Guangzhou Symposium on Satisfiability and its Applications},
  month =        {September},
  year =         2004
}

@TechReport{Kullmann2004d,
  author =       {Oliver Kullmann},
  title =        {Conjunctive normal forms with non-boolean variables, autarkies and hypergraph colouring},
  institution =  {University of Wales Swansea, Computer Science Report Series (\url{http://www-compsci.swan.ac.uk/reports/2005.html})},
  year =         2005,
  number =       {CSR 5-2005},
  month =        {March},
  annote =       {Fortgesetzt in \cite{Kullmann2005b}.}
}


@Article{Kullmann2005AbstraktLC2004,
  author =       {Oliver Kullmann},
  title =        {The combinatorics of negation patterns},
  journal =      {The Bulletin of Symbolic Logic},
  year =         2005,
  volume =       11,
  number =       2,
  pages =        282,
  month =        {June},
  note =         {Abstracts of contributed papers of the Logic Colloquium' 2004, Torino, Italy, July 25 - 31, 2004}
}

@InProceedings{Kullmann2005PCC,
  author =       {Oliver Kullmann},
  title =        {How to generalise conjunctive normal forms},
  booktitle =    {4th International Workshop on Proof, Computation, Complexity (PCC'05)},
  crossref =     {PCC05},
  pages =        {14--17},
  OPTannote =    {}
}

@TechReport{Kullmann2005a,
  author =       {Oliver Kullmann},
  title =        {The {SAT} 2005 solver competition on random instances},
  institution =  {University of Wales Swansea, Computer Science Report Series (\url{http://www-compsci.swan.ac.uk/reports/2005.html})},
  year =         2005,
  number =       {CSR 17-2005},
  month =        {December}
}
@Article{Kullmann2005a2,
  author =       {Oliver Kullmann},
  title =        {The {SAT} 2005 solver competition on random instances},
  journal =      {Journal on Satisfiability, Boolean Modeling and Computation},
  year =         2006,
  volume =       2,
  pages =        {61--102},
  url =          {http://satassociation.org/jsat/index.php/jsat/article/view/21}
}

@TechReport{Kullmann2005b,
  author =       {Oliver Kullmann},
  title =        {Constraint satisfaction problems in clausal form: Autarkies, minimal unsatisfiability, and applications to hypergraph inequalities},
  institution =  {University of Wales Swansea, Computer Science Report Series (\url{http://www-compsci.swan.ac.uk/reports/2006.html})},
  year =         2006,
  number =       {CSR 13-2006},
  month =        {September},
  note =         {Extended version of \cite{Kullmann2004d}.}
}
@TechReport{Kullmann2005bkurz,
  author =       {Oliver Kullmann},
  title =        {Constraint satisfaction problems in clausal form: Autarkies, minimal unsatisfiability, and applications to hypergraph inequalities},
  institution =  {University of Wales Swansea, Computer Science Report Series (\url{http://www-compsci.swan.ac.uk/reports/2006.html})},
  year =         2006,
  number =       {CSR 13-2006},
  month =        {September}
}
@InProceedings{Kullmann2005b2,
  author =      {Oliver Kullmann},
  title =       {Constraint satisfaction problems in clausal form: Autarkies, minimal unsatisfiability, and applications to hypergraph inequalities},
  booktitle =   {Complexity of Constraints},
  year =        {2006},
  editor =      {Nadia Creignou and Phokion Kolaitis and Heribert Vollmer},
  number =      {06401},
  series =      {Dagstuhl Seminar Proceedings},
  ISSN =        {1862-4405},
  publisher =   {Internationales Begegnungs- und Forschungszentrum fuer Informatik (IBFI), Schloss Dagstuhl, Germany},
  url =         {http://drops.dagstuhl.de/opus/volltexte/2006/803},
  pages =       {1--69},
  annote =      {Identisch mit \cite{Kullmann2005b}.}
}
@InProceedings{Kullmann2005b2voll,
  author =      {Oliver Kullmann},
  title =       {Constraint satisfaction problems in clausal form: Autarkies, minimal unsatisfiability, and applications to hypergraph inequalities},
  booktitle =   {Complexity of Constraints},
  year =        {2006},
  editor =      {Nadia Creignou and Phokion Kolaitis and Heribert Vollmer},
  number =      {06401},
  series =      {Dagstuhl Seminar Proceedings},
  ISSN =        {1862-4405},
  publisher =   {Internationales Begegnungs- und Forschungszentrum fuer Informatik (IBFI), Schloss Dagstuhl, Germany},
  url =         {http://drops.dagstuhl.de/opus/volltexte/2006/803},
  total =       {1-69},
  note =        {Identical with \cite{Kullmann2005b}}
}
@TechReport{Kullmann2007ClausalFormTR,
  author =       {Oliver Kullmann},
  title =        {Constraint satisfaction problems in clausal form: Autarkies and minimal unsatisfiability},
  institution =  {University of Wales Swansea, Computer Science Report Series (\url{http://www-compsci.swan.ac.uk/reports/2007.html})},
  year =         2007,
  number =       {CSR 8-2007},
  month =        {May},
  note =         {Extended version of \cite{Kullmann2005b}, but with hypergraph applications removed.}
}
@TechReport{Kullmann2007ClausalFormECCC,
  author =       {Oliver Kullmann},
  title =        {Constraint satisfaction problems in clausal form: Autarkies and minimal unsatisfiability},
  institution =  {Electronic Colloquium on Computational Complexity (ECCC)},
  year =         2007,
  number =       {TR07-055},
  month =        {June},
  note =         {Extended version of \cite{Kullmann2005b2}, but with hypergraph applications removed; \url{http://eccc.hpi-web.de/report/2007/055/}.},
  annote =       {Identisch mit \cite{Kullmann2007ClausalFormTR}.}
}
@TechReport{Kullmann2007ClausalFormECCCohne,
  author =       {Oliver Kullmann},
  title =        {Constraint satisfaction problems in clausal form: Autarkies and minimal unsatisfiability},
  institution =  {Electronic Colloquium on Computational Complexity (ECCC)},
  year =         2007,
  number =       {TR07-055},
  month =        {June},
  note =     {\url{http://eccc.hpi-web.de/report/2007/055/}},
  annote =       {Identisch mit \cite{Kullmann2007ClausalFormTR}.}
}
@TechReport{Kullmann2007ClausalFormTRZ,
  author =       {Oliver Kullmann},
  title =        {Constraint satisfaction problems in clausal form: Autarkies, deficiency and minimal unsatisfiability},
  institution =  {Swansea University, Computer Science Report Series (\url{http://cs.swan.ac.uk/reports/2007.html})},
  year =         2007,
  number =       {CSR 12-2007},
  month =        {October},
  note =         {Extended version of \cite{Kullmann2007ClausalFormECCC}.},
  annote =       {}
}
@TechReport{Kullmann2007ClausalFormTRZo,
  author =       {Oliver Kullmann},
  title =        {Constraint satisfaction problems in clausal form: Autarkies, deficiency and minimal unsatisfiability},
  institution =  {Swansea University, Computer Science Report Series (\url{http://cs.swan.ac.uk/reports/2007.html})},
  year =         2007,
  number =       {CSR 12-2007},
  month =        {October},
  note =         {Extended version of \cite{Kullmann2007ClausalFormECCCohne}.},
  annote =       {}
}
@TechReport{Kullmann2007ClausalFormECCC2,
  author =       {Oliver Kullmann},
  title =        {Constraint satisfaction problems in clausal form: Autarkies, deficiency and minimal unsatisfiability},
  institution =  {Electronic Colloquium on Computational Complexity (ECCC)},
  year =         2008,
  number =       {TR07-055, revision 1},
  month =        {November},
  note =         {\url{http://eccc.hpi-web.de/report/2007/055/}},
  annote =       {Die Basis fuer \cite{Kullmann2007ClausalFormZI,Kullmann2007ClausalFormZII}.}
}
@Article{Kullmann2007ClausalFormZI,
  author =       {Oliver Kullmann},
  title =        {Constraint Satisfaction Problems in Clausal Form {I}: Autarkies and Deficiency},
  journal =      {Fundamenta Informaticae},
  year =         2011,
  volume =       109,
  number =       1,
  pages =        {27--81},
  doi =          {10.3233/FI-2011-428},
  annote =       {Zeitschriftenversion von \cite{Kullmann2007ClausalFormECC2}.}
}
@Article{Kullmann2007ClausalFormZII,
  author =       {Oliver Kullmann},
  title =        {Constraint Satisfaction Problems in Clausal Form {II}: Minimal Unsatisfiability and Conflict Structure},
  journal =      {Fundamenta Informaticae},
  year =         2011,
  volume =       109,
  number =       1,
  pages =        {83--119},
  doi =          {10.3233/FI-2011-429},
  annote =       {Zeitschriftenversion von \cite{Kullmann2007ClausalFormTRZ}.}
}
@TechReport{Kullmann2011ClausalForm,
  author =       {Oliver Kullmann},
  title =        {Constraint satisfaction problems in clausal form},
  institution =  {arXiv},
  year =         2011,
  number =       {arXiv:1103.3693v1 [cs.DM]},
  month =        {March},
  url =          {http://arxiv.org/abs/1103.3693},
  annote =       {\cite{Kullmann2007ClausalFormZI,Kullmann2007ClausalFormZII} als Bericht.}
}

@InProceedings{Kullmann2006a,
  author =       {Oliver Kullmann},
  title =        {Generalised clause-sets and hypergraph colouring},
  booktitle =    {2005 Summer Meeting of the Association for Symbolic Logic (Logic Colloquium '05, Athens, Greece)},
  pages =        338,
  year =         2006,
  volume =       12,
  number =       2,
  series =       {The Bulletin of Symbolic Logic},
  organization = {Association for Symbolic Logic},
  note =         {Abstracts of contributed talks}
}

@InProceedings{Kullmann2006b,
  author =       {Oliver Kullmann},
  title =        {Sign-sensitive Graph Representations of {CNF}s: Conflict graphs and Resolution graphs},
  booktitle =    {5th International Workshop on Proof, Computation, Complexity (PCC'06)},
  crossref =     {PCC06},
  pages =        {30-32}
}

@TechReport{Kullmann2007BalanciertReport,
  author =       {Oliver Kullmann},
  title =        {Polynomial time {SAT} decision for linearly lean complementation-invariant clause-sets of minimal relative deficiency},
  institution =  {University of Wales Swansea, Computer Science Report Series (\url{http://www-compsci.swan.ac.uk/reports/2007.html})},
  year =         2007,
  number =       {CSR 1-2007},
  month =        {February},
  annote =       {Bericht zu \cite{Kullmann2007Balanciert} (keine Unterschiede).}
}
@InProceedings{Kullmann2007Balanciert,
  author =       {Oliver Kullmann},
  title =        {Polynomial Time {SAT} Decision for Complementation-Invariant Clause-Sets, and Sign-non-Singular Matrices},
  crossref =     {Lisbon2007},
  pages =        {314-327},
  doi =          {10.1007/978-3-540-72788-0_30},
  annote =       {Siehe \cite{Kullmann2007BalanciertReport}.}
}

@InProceedings{Kullmann2007LC06,
  author =       {Oliver Kullmann},
  title =        {Finding the error in propositional translations},
  booktitle =    {2006 Summer Meeting of the Association for Symbolic Logic (Logic Colloquium '06, Nijmegen, The Netherlands)},
  pages =        277,
  year =         2007,
  volume =       13,
  number =       2,
  series =       {The Bulletin of Symbolic Logic},
  organization = {Association for Symbolic Logic},
  note =         {Abstracts of contributed talks}
}

@TechReport{Kullmann2005c,
  author =       {Oliver Kullmann},
  title =        {Fundaments of Branching Heuristics: Theory and Examples},
  institution =  {Swansea University, Computer Science Report Series (\url{http://www.swan.ac.uk/compsci/research/reports/2008/index.html})},
  year =         2008,
  number =       {CSR 7-2008},
  month =        {April},
  annote =       {Zugrundeliegender Bericht zu \cite{Kullmann2007HandbuchTau}.}
}
@Unpublished{Kullmann2007HandbuchTauArtikel,
  author =       {Oliver Kullmann},
  title =        {Fundaments of Branching Heuristics: Theory and Examples},
  note =         {In preparation; based on \cite{Kullmann2005c} and \cite{Kullmann2007HandbuchTau}.},
  OPTkey =       {},
  OPTmonth =     {},
  OPTyear =      {2011},
  OPTannote =    {}
}
@InCollection{Kullmann2007HandbuchTau,
  author =       {Oliver Kullmann},
  title =        {Fundaments of Branching Heuristics},
  booktitle =    {Handbook of Satisfiability},
  crossref =     {2008HandbuchSAT},
  pages =        {205--244},
  chapter =      7,
  doi =          {10.3233/978-1-58603-929-5-205}
}

@InCollection{Kullmann2007Uebersicht,
  author =       {Oliver Kullmann},
  title =        {Present and Future of Practical {SAT} Solving},
  booktitle =    {Complexity of Constraints: An Overview of Current Research Themes},
  crossref =     {CreignouKolaitisVollmer2008ComplexityConstraints},
  pages =        {283--319},
  doi =          {10.1007/978-3-540-92800-3_11}
}
@TechReport{Kullmann2007UebersichtTR,
  author =       {Oliver Kullmann},
  title =        {Present and future of practical {SAT} solving},
  institution =  {Swansea University, Computer Science Report Series (\url{http://www.swan.ac.uk/compsci/research/reports/2008/index.html})},
  year =         2008,
  number =       {CSR 8-2008},
  month =        {April},
  annote =       {Fast identisch mit \cite{Kullmann2007Uebersicht}.}
}

@TechReport{Kullmann2006c,
  author =       {Oliver Kullmann},
  title =        {Constraint satisfaction problems in clausal form and critical colourability of hypergraphs},
  institution =  {University of Wales Swansea, Computer Science Report Series (\url{http://www-compsci.swan.ac.uk/reports/2007.html})},
  year =         2007,
  number =       {CSR ??-2007},
  month =        {???},
  annote =       {Hypergraphen-Teil von \cite{Kullmann2005b}.}
}

@TechReport{Kullmann2006DecompositionsReport,
  author =       {Oliver Kullmann},
  title =        {Graph representations of propositional conjunctive normal forms: Adding sign information},
  institution =  {University of Wales Swansea, Computer Science Report Series (\url{http://www-compsci.swan.ac.uk/reports/2007.html})},
  year =         2007,
  number =       {CSR ???-2007},
  month =        {???},
  note =          {In preparation; continuation of \cite{HeuleKullmann2005DecompositionsReport}},
  annote =       {}
}

@TechReport{Kullmann2008OKlibraryReport,
  author =       {Oliver Kullmann},
  title =        {The {\OKlibrary}: A generative research platform for (generalised) {SAT} solving},
  institution =  {Swansea University, Computer Science Report Series (\url{http://www.swan.ac.uk/compsci/research/reports/2008/CSR1-2008.pdf})},
  year =         2008,
  number =       {CSR 1-2008},
  month =        {February},
  annote =       {}
}

@TechReport{Kullmann2009OKlibraryBericht,
  author =       {Oliver Kullmann},
  title =        {The {\OKlibrary}: Introducing a "holistic" research platform for (generalised) {SAT} solving},
  institution =  {Swansea University, Computer Science Report Series (\url{http://www.swan.ac.uk/compsci/research/reports/2009/CSR1-2009.pdf})},
  year =         2009,
  number =       {CSR 1-2009},
  month =        {January}
}
@Article{Kullmann2009OKlibrary,
  author =       {Oliver Kullmann},
  title =        {The {\OKlibrary}: Introducing a "Holistic" Research Platform for (Generalised) {SAT} Solving},
  journal =      {Studies in Logic},
  year =         2009,
  volume =       2,
  number =       1,
  pages =        {20-53},
  annote =       {Zeitschrift vorhanden. Fast identisch mit \cite{Kullmann2009OKlibraryBericht}.}
}

@TechReport{Kullmann2009RamseySATExtern,
  author =       {Oliver Kullmann},
  title =        {Exact {R}amsey Theory: {G}reen-{T}ao numbers and {SAT}},
  institution =  {arXiv},
  year =         2010,
  number =       {arXiv:1004.0653v2 [cs.DM]},
  month =        {April},
  url =          {http://arxiv.org/abs/1004.0653},
  annote =       {Unterliegender Bericht zu \cite{Kullmann2010GreenTao}.}
}
@InProceedings{Kullmann2010GreenTao,
  author =       {Oliver Kullmann},
  title =        {Green-{T}ao numbers and {SAT}},
  booktitle =    {Theory and Applications of Satisfiability Testing - SAT 2010},
  crossref =     {Edinburgh2010},
  pages =        {352--362},
  doi = {10.1007/978-3-642-14186-7_32},
  annote =       {K\"urzere Fassung von \cite{Kullmann2009RamseySATExtern}.}
}
@Unpublished{Kullmann2011GreenTao,
  author =       {Oliver Kullmann},
  title =        {Exact {R}amsey Theory: {G}reen-{T}ao numbers and {SAT}},
  note =         {Underlying report is \cite{Kullmann2009RamseySATExtern2}.},
  year =         2011
}

@Unpublished{Kullmann2011Vdw,
  author =       {Oliver Kullmann},
  title =        {Computing ordinary and palindromic van der {W}aerden numbers via collaboration between look-ahead and conflict-driven {SAT} solvers},
  note =         {In preparation},
  month =        {February},
  year =         2012,
  annote =       {Annotations/OK_RamseyTheory_2vdWshort.tex}
}

@Unpublished{Kullmann2014DNNF,
  author =       {Oliver Kullmann},
  title =        {Representing {DNNF} by {CNF} (in context)},
  note =         {In preparation},
  month =        {December},
  year =         2014,
  annote =       {Annotations/2014_Igor.tex}
}

@Unpublished{Kullmann2014Blocked,
  author =       {Oliver Kullmann},
  title =        {Blocked clauses and hardness},
  note =         {In preparation},
  month =        {December},
  year =         2014,
  annote =       {Annotations/2014_Blocked.tex}
}

@Unpublished{Kullmann2014Collapse,
  author =       {Oliver Kullmann},
  title =        {Collapse of strong relative representation conditions to Generalised Arc Consistency},
  note =         {In preparation},
  month =        {June},
  year =         2015,
  annote =       {Annotations/2014_Collapse.tex}
}

@Unpublished{Ku2003d,
  author =       {Oliver Kullmann},
  title =        {The conflict matrix of (multi-)clause-sets --- a link between combinatorics and (generalised) satisfiability problems},
  note =         {In preparation; continuation of \cite{Ku2003c}},
  year =         2014,
  annote =       {Fortsetzung von \cite{Ku2003c}; papers/Aktuelles/KonfliktErweitert.tex.}
}

@Unpublished{Kullmann2014Matroide,
  author =       {Oliver Kullmann},
  title =        {Matroids for SAT},
  note =         {In preparation},
  year =         2014,
  month =        {December},
  annote =       {Annotations/2014_Matroide.tex}
}

@Unpublished{Kullmann2015UUHIT,
  author =       {Oliver Kullmann},
  title =        {Uniform and/or regular unsatisfiable hitting clause-sets},
  note =         {In preparation},
  year =         2015,
  month =        {June},
  annote =       {Annotations/2015_UUHIT.tex}
}

@Unpublished{Kullmann2015Covers,
  author =       {Oliver Kullmann},
  title =        {Covering systems via generalised {SAT}},
  note =         {In preparation},
  year =         2015,
  month =        {June},
  annote =       {Annotations/2015_Covers.tex}
}

@Unpublished{Kullmann2015NHIT,
  author =       {Oliver Kullmann},
  title =        {Nearly hitting clause-sets},
  note =         {In preparation},
  year =         2015,
  month =        {October},
  annote =       {Annotations/2015_NHIT.tex}
}


% --------------------------------------------------------------------------------------------------------------------------------------------------------
% Zusammenarbeiten
% --------------------------------------------------------------------------------------------------------------------------------------------------------

% Mit Luckhardt:

@Unpublished{KuLu97,
  author =       "Oliver Kullmann and Horst Luckhardt",
  title =        "Deciding propositional tautologies: Algorithms and their complexity",
  note =         "Preprint, 82 pages; the ps-file can be obtained at \url{http://cs.swan.ac.uk/~csoliver/papers.html#Pre199799}",
  year =         1997,
  month =        "January"
}
@Unpublished{KuLu97kurz,
  author =       "Oliver Kullmann and Horst Luckhardt",
  title =        "Deciding propositional tautologies: Algorithms and their complexity",
  note =         "Preprint, 82 pages",
  year =         1997,
  month =        "January"
}

@Unpublished{KuLu98,
  author =       "Oliver Kullmann and Horst Luckhardt",
  title =        "Algorithms for {SAT}/{TAUT} decision based on various measures",
  note =         "Preprint, 71 pages; the ps-file can be obtained from \url{http://cs.swan.ac.uk/~csoliver/papers.html#Pre199799}",
  year =         1999,
  month =        "February"
}
@Unpublished{KuLu98kurz,
  author =       "Oliver Kullmann and Horst Luckhardt",
  title =        "Algorithms for {SAT}/{TAUT} decision based on various measures",
  note =         "Preprint, 71 pages",
  year =         1999,
  month =        "February"
}


% Mit Stefan Szeider:

@Article{FKS00,
  author =       {Herbert Fleischner and Oliver Kullmann and Stefan Szeider},
  title =        {Polynomial--Time Recognition of Minimal Unsatisfiable Formulas with Fixed Clause--Variable Difference},
  journal =      {Theoretical Computer Science},
  year =         2002,
  volume =       289,
  number =       1,
  pages =        {503--516},
  month =        {November},
  doi =          {10.1016/S0304-3975(01)00337-1}
}

@Unpublished{KullmannSzeider2003Matchings,
  author =       {Oliver Kullmann and Stefan Szeider},
  title =        {Finding satisfying assignments via generalised matching autarkies},
  note =         {In preparation; to be finished},
  OPTkey =       {},
  year =         {2004},
  OPTannote =    {}
}

@Unpublished{KullmannSzeider2003Communication,
  author =       {Oliver Kullmann and Stefan Szeider},
  title =        {Personal communication},
  note =         {On minimally unsatisfiable clause-sets},
  year =         {2002-2004}
}


% Mit Nicola Galesi:

@InProceedings{GalesiKullmann2003Hermitian,
  author =       {Nicola Galesi and Oliver Kullmann},
  title =        {Polynomial time {SAT} decision, hypergraph transversals and the Hermitian rank},
  crossref =     {Vancouver2004},
  pages =        {76--85}
}
@InProceedings{GalesiKullmann2003bHermitian,
  author =       {Nicola Galesi and Oliver Kullmann},
  title =        {Polynomial Time {SAT} Decision, Hypergraph Transversals and the Hermitian Rank},
  crossref =     {Vancouver2004b},
  doi =          {10.1007/11527695_8},
  pages =        {89--104}
}


% Mit Joao Marques-Silva:

@Unpublished{KullmannLynceSilva2003Inferenz,
  author =       {Oliver Kullmann and In{\^{e}}s Lynce and Jo{\~{a}}o Marques-Silva},
  title =        {Inference techniques, input resolutions and directed hypergraphs},
  note =         {In preparation; to be finished},
  OPTkey =       {},
  year =         {2004},
  OPTannote =    {}
}

@TechReport{KullmannLynceSilva2005AutarkiesReport,
  author =       {Oliver Kullmann and In{\^{e}}s Lynce and Jo{\~{a}}o Marques-Silva},
  title =        {Categorisation of clauses in conjunctive normal forms: Minimally unsatisfiable sub-clause-sets and the lean kernel},
  institution =  {University of Wales Swansea, Computer Science Report Series (\url{http://www-compsci.swan.ac.uk/reports/2006.html})},
  year =         2006,
  number =       {CSR 3-2006},
  month =        {March},
  annote =       {Underlying report of \cite{KullmannLynceSilva2005Autarkies}.}
}
@InProceedings{KullmannLynceSilva2005Autarkies,
  author =       {Oliver Kullmann and In{\^{e}}s Lynce and Jo{\~{a}}o Marques-Silva},
  title =        {Categorisation of clauses in conjunctive normal forms: Minimally unsatisfiable sub-clause-sets and the lean kernel},
  crossref =     {Seattle2006},
  pages =        {22--35},
  doi =          {10.1007/11814948_4},
  annote =       {Siehe Aktuelles/LeanKernelKullmannLynceMarquesSilva.tex}
}

@Unpublished{KullmannSilva2015Oracle,
  author =       {Oliver Kullmann and Jo{\~{a}}o Marques-Silva},
  title =        {Computing maximal autarkies with few and simple oracle queries},
  note =         {In preparation},
  year =         {2015},
  month =        {May},
  annote =       {File Previti/2015_Autarkies.tex}
}
@TechReport{KullmannSilva2015OracleSAT,
  author =       {Oliver Kullmann and Jo{\~{a}}o Marques-Silva},
  title =        {Computing maximal autarkies with few and simple oracle queries},
  institution =  {arXiv},
  year =         "2015",
  number =       {arXiv:1505.02371v2 [cs.LO]},
  month =        {August},
  url =          {http://arxiv.org/abs/1505.02371},
  annote =       {File Previti/2015_AutarkiesSAT.tex; the arXiv-version of \cite{KullmannSilva2015OracleSATC}}
}
@InProceedings{KullmannSilva2015OracleSATC,
  author =       {Oliver Kullmann and Jo{\~{a}}o Marques-Silva},
  title =        {Computing maximal autarkies with few and simple oracle queries},
  crossref =     {Austin2015},
  pages =        {138--155},
  doi =          {10.1007/978-3-319-24318-4_11},
  annote =       {File Previti/2015_AutarkiesSAT.tex; the SAT2015 version of \cite{KullmannSilva2015Oracle}}
}


% Mit Marijn Heule:

@TechReport{HeuleKullmann2005DecompositionsReport,
  author =       {Marijn Heule and Oliver Kullmann},
  title =        {Decomposing clause-sets: Integrating {DLL} algorithms, tree decompositions and hypergraph cuts for variable- and clause-based graph representations of {CNF's}},
  institution =  {University of Wales Swansea, Computer Science Report Series (\url{http://www-compsci.swan.ac.uk/reports/2006.html})},
  year =         2006,
  number =       {CSR 2-2006},
  month =        {March},
  annote =       {Underlying report of \cite{HeuleKullmann2005Decompositions}.}
}
@Unpublished{HeuleKullmann2005Decompositions,
  author =       {Marijn Heule and Oliver Kullmann},
  title =        {Decomposing clause-sets: Applications of tree decompositions and hypergraph cuts to {CNF's}},
  note =         {In Bearbeitung},
  month =        {March},
  year =         2006,
  annote =       {Siehe Aktuelles/DecomposingCLSHeuleKullmann.tex.}
}

@InProceedings{HeuleKullmannWieringaBiere2011Cubism,
  author =       {Marijn J.H. Heule and Oliver Kullmann and Siert Wieringa and Armin Biere},
  title =        {Cube and Conquer: Guiding {CDCL} {SAT} Solvers by Lookaheads},
  booktitle =    {Hardware and Software: Verification and Testing (HVC 2011)},
  pages =        {50--65},
  year =         2012,
  editor =       {Kerstin Eder and Jo{\~{a}}o Louren{\c{c}}o and Onn Shehory},
  volume =       7261,
  series =       {Lecture Notes in Computer Science (LNCS)},
  publisher =    {Springer},
  note =         {\url{http://cs.swan.ac.uk/~csoliver/papers.html#CuCo2011}},
  doi =          {10.1007/978-3-642-34188-5_8},
  annote =       {Pdf-Datei vorhanden.}
}


% Mit Victor Marek:

@Unpublished{KullmannMarekTruszczynski2007Autarkien,
  author =       {Oliver Kullmann and Victor W. Marek and Miros{\l}aw Truszczy{\'n}ski},
  title =        {Computing autarkies and properties of the autarky monoid},
  note =         {Preprint},
  month =        {October},
  year =         2008,
  annote =       {AutarkiesMarekTruszczynski.tex}
}


% Mit Matthew Henderson:

@Unpublished{HendersonKullmann2007Multicliquen,
  author =       {Oliver Kullmann},
  title =        {Multiclique partitions of multigraphs, and conflict-regular satisfiability problems with non-boolean variables},
  note =         {In preparation},
  year =         2011,
  annote =       {Annotations/200511_UniformHittingClauseSets.tex}
}


% Mit Hans Kleine Buening:

@InCollection{Kullmann2007HandbuchMU,
  author =       {Hans {Kleine B{\"{u}}ning} and Oliver Kullmann},
  title =        {Minimal Unsatisfiability and Autarkies},
  booktitle =    {Handbook of Satisfiability},
  crossref =     {2008HandbuchSAT},
  pages =        {339--401},
  chapter =      11,
  doi =          {10.3233/978-1-58603-929-5-339}
}


% Mit Armando Tacchella:

@InProceedings{QBFEVAL2010,
  author =       {Claudia Peschiera and Luca Pulina and Armando Tacchella and Uwe Bubeck and Oliver Kullmann and In{\^{e}}s Lynce},
  title =        {The Seventh {QBF} Solvers Evaluation ({QBFEVAL}'10)},
  booktitle =    {Theory and Applications of Satisfiability Testing - SAT 2010},
  crossref =     {Edinburgh2010},
  pages =        {237--250},
  doi =          {10.1007/978-3-642-14186-7_20}
}


% Mit Xishun Zhao:

@Unpublished{KullmannZhao2008FullReport,
  author =       {Oliver Kullmann and Xishun Zhao},
  title =        {On the classification of minimally unsatisfiable clause-sets},
  note =         {Not for publication},
  year =         2014,
  annote =       {Annotations/OK_XSZ_Classification.tex.}
}

@TechReport{KullmannZhao2010Bounds,
  author =       {Oliver Kullmann and Xishun Zhao},
  title =        {On variables with few occurrences in conjunctive normal forms},
  institution =  {arXiv},
  year =         2011,
  number =       {arXiv:1010.5756v3 [cs.DM]},
  month =        {March},
  url =          {http://arxiv.org/abs/1010.5756}
}
@InProceedings{KullmannZhao2011Bounds,
  author =       {Oliver Kullmann and Xishun Zhao},
  title =        {On variables with few occurrences in conjunctive normal forms},
  booktitle =    {Theory and Applications of Satisfiability Testing - SAT 2011},
  crossref =     {AnnArbor2011},
  pages =        {33--46},
  year =         {2011},
  editor =       {Laurent Simon and Karem Sakallah},
  doi =          {10.1007/978-3-642-21581-0_5},
  annote =       {Fast identisch mit \cite{KullmannZhao2010Bounds}.}
}
@TechReport{KullmannZhao2010Extremal,
  author =       {Oliver Kullmann and Xishun Zhao},
  title =        {Bounds for variables with few occurrences in conjunctive normal forms},
  institution =  {arXiv},
  year =         2014,
  number =       {arXiv:1408.0629v3 [math.CO]},
  month =        {November},
  url =          {http://arxiv.org/abs/1408.0629},
  annote =       {Zeitschriftenversion von \cite{KullmannZhao2011Bounds}; Datei Annotations/OK_XSZ_MinVarDegree.tex.}
}

@TechReport{KullmannZhao2012Confluence,
  author =       {Oliver Kullmann and Xishun Zhao},
  title =        {On {D}avis-{P}utnam reductions for minimally unsatisfiable clause-sets},
  institution =  {arXiv},
  year =         "2012",
  number =       {arXiv:1202.2600v5 [cs.DM]},
  month =        {December},
  url =          {http://arxiv.org/abs/1202.2600}
}
@InProceedings{KullmannZhao2012ConfluenceC,
  author =       {Oliver Kullmann and Xishun Zhao},
  title =        {On {D}avis-{P}utnam reductions for minimally unsatisfiable clause-sets},
  booktitle =    {Theory and Applications of Satisfiability Testing - SAT 2012},
  crossref =     {Trento2012},
  pages =        {270--283},
  year =         "2012",
  doi =          {10.1007/978-3-642-31612-8_21},
  annote =       {\cite{KullmannZhao2012Confluence} ist der zugrundeliegende Bericht (etwas erweitert), basierend auf Version 3.}
}
@Article{KullmannZhao2012ConfluenceJ,
  author =       {Oliver Kullmann and Xishun Zhao},
  title =        {On {D}avis-{P}utnam reductions for minimally unsatisfiable clause-sets},
  journal =      {Theoretical Computer Science},
  year =         "2013",
  volume =       492,
  pages =        {70--87},
  month =        {June},
  doi =          {10.1016/j.tcs.2013.04.020},
  annote =       {Die Zeitschriftenversion von \cite{KullmannZhao2012ConfluenceC}, basierend auf Version 5.}
}

@Unpublished{KullmannZhao2014Smarandache,
  author =       {Oliver Kullmann and Xishun Zhao},
  title =        {Some connections of elementary number theory with the combinatorics of multivalued propositional logic},
  note =         {In preparation},
  month =        {April},
  year =         "\noopsort{a}2015",
  annote =       {Datei Annotations/OK_XSZ_Smarandache.tex.}
}
@TechReport{KullmannZhao2015FullClauses,
  author =       {Oliver Kullmann and Xishun Zhao},
  title =        {Parameters for minimal unsatisfiability: {S}marandache primitive numbers and full clauses},
  institution =  {arXiv},
  year =         "2015",
  number =       {arXiv:1505.02318v2 [cs.DM]},
  month =        {July},
  url =          {http://arxiv.org/abs/1505.02318},
  annote =       {Datei Annotations/OK_XSZ_FullSAT.tex.}
}
@Unpublished{KullmannZhao2015FullClausesJ,
  author =       {Oliver Kullmann and Xishun Zhao},
  title =        {Connecting minimal unsatisfiability with elementary number theory},
  note =         {In preparation},
  month =        {May},
  year =         "\noopsort{d}2015",
  annote =       {Datei Annotations/OK_XSZ_Full.tex; Nachfolgeversion von \cite{KullmannZhao2015FullClauses}.}
}

@Unpublished{KullmannZhao2014UHit,
  author =       {Oliver Kullmann and Xishun Zhao},
  title =        {Towards the Finiteness Conjecture for unsatisfiable hitting clause-sets (disjoint tautologies)},
  note =         {In preparation},
  month =        {June},
  year =         "\noopsort{c}2015",
  annote =       {Datei Annotations/OK_XSZ_SAT2014.tex.}
}

@Unpublished{KullmannZhao2012Greedoid,
  author =       {Oliver Kullmann and Xishun Zhao},
  title =        {A deeper analysis of Davis-{P}utnam reduction for minimally unsatisfiable clause-sets: The greedoid of singular sets},
  note =         {In preparation},
  month =        {May},
  year =         "\noopsort{e}2015",
  annote =       {Der Nachfolger von \cite{KullmannZhao2012ConfluenceJ}. Datei Annotations/OK_XSZ_Confluence_journal.tex.}
}

@Unpublished{KullmannZhao2014Sharper,
  author =       {Oliver Kullmann and Xishun Zhao},
  title =        {Sharper bounds on minimum variable-degrees for minimally unsatisfiable clause-sets},
  note =         {In preparation},
  month =        {May},
  year =         "\noopsort{d}2015",
  annote =       {Datei Annotations/OK_XSZ_Sharper.tex.}
}


% Mit Matthew Gwynne:

@Unpublished{GwynneKullmann2010FullReport,
  author =       {Matthew Gwynne and Oliver Kullmann},
  title =        {A theory of good representations: Constraints and boolean functions, with applications to {AES} and {DES}},
  note =         {Not for publication},
  year =         2013,
  annote =       {Annotations/2011_SAT_MGOK.tex.}
}

@InProceedings{GwynneKullmann2011TranslationsPrelim,
  author =       {Matthew Gwynne and Oliver Kullmann},
  title =        {Towards a better understanding of {SAT} translations},
  booktitle =    {Logic and Computational Complexity (LCC'11), as part of LICS 2011},
  year =         2011,
  month =        {June},
  editor =       {Ulrich Berger and Denis Therien},
  note =         {10 pages, available at \url{http://www.cs.swansea.ac.uk/lcc2011/}},
  annote =       {Annotations/2011_LCC.tex.}
}
@InProceedings{GwynneKullmann2011HardnessPrelim,
  author =       {Matthew Gwynne and Oliver Kullmann},
  title =        {Towards a better understanding of hardness},
  booktitle =    {The Seventeenth International Conference on Principles and Practice of Constraint Programming (CP 2011): Doctoral Program Proceedings},
  pages =        {37--42},
  year =         {2011},
  month =        {September},
  note =         {Proceedings available at \url{http://www.dmi.unipg.it/cp2011/downloads/dp2011/DP_at_CP2011.pdf}},
  annote =       {In OKsystem/Annotations.}
}

@TechReport{GwynneKullmann2012Slur,
  author =       {Matthew Gwynne and Oliver Kullmann},
  title =        {Generalising unit-refutation completeness and {SLUR} via nested input resolution},
  institution =  {arXiv},
  year =         2013,
  number =       {arXiv:1204.6529v5 [cs.LO]},
  month =        {January},
  url =          {http://arxiv.org/abs/1204.6529}
}
@InProceedings{GwynneKullmann2012SlurSOFSEM,
  author =       {Matthew Gwynne and Oliver Kullmann},
  title =        {Generalising and unifying {SLUR} and unit-refutation completeness},
  booktitle =    {SOFSEM 2013: Theory and Practice of Computer Science},
  pages =        {220--232},
  year =         2013,
  editor =       {Peter van Emde Boas and Frans C. A. Groen and Giuseppe F. Italiano and Jerzy Nawrocki and Harald Sack},
  volume =       7741,
  series =       {Lecture Notes in Computer Science (LNCS)},
  publisher =    {Springer},
  doi =          {10.1007/978-3-642-35843-2_20},
  annote =       {Pdf-Datei vorhanden. Zugrundeliegender Bericht ist \cite{GwynneKullmann2012Slur}.}
}
@Article{GwynneKullmann2012SlurJ,
  author =       {Matthew Gwynne and Oliver Kullmann},
  title =        {Generalising Unit-Refutation Completeness and {SLUR} via Nested Input Resolution},
  journal =      {Journal of Automated Reasoning},
  year =         2014,
  volume =       52,
  number =       1,
  pages =        {31--65},
  month =        {January},
  doi =          {10.1007/s10817-013-9275-8},
  annote =       {Zeitschriftenversion von \cite{GwynneKullmann2012SlurSOFSEM}, zugrundeliegender Bericht \cite{GwynneKullmann2012Slur}.}
}

@TechReport{GwynneKullmann2013GoodRepresentations,
  author =       {Matthew Gwynne and Oliver Kullmann},
  title =        {Towards a theory of good {SAT} representations},
  institution =  {arXiv},
  year =         2013,
  number =       {arXiv:1302.4421v4 [cs.AI]},
  month =        {May},
  url =          {http://arxiv.org/abs/1302.4421},
  annote =       {Fortgesetzt durch GwynneKullmann2013GoodRepresentationsI-III.}
}

@TechReport{GwynneKullmann2013GoodRepresentationsI,
  author =       {Matthew Gwynne and Oliver Kullmann},
  title =        {Trading inference effort versus size in {CNF} knowledge compilation},
  institution =  {arXiv},
  year =         2013,
  number =       {arXiv:1310.5746v2 [cs.CC]},
  month =        {November},
  url =          {http://arxiv.org/abs/1310.5746},
  annote =       {Annotations/2013_SAT_1.tex.}
}

@TechReport{GwynneKullmann2013GoodRepresentationsII,
  author =       {Matthew Gwynne and Oliver Kullmann},
  title =        {On {SAT} representations of {XOR} constraints},
  institution =  {arXiv},
  year =         2013,
  number =       {arXiv:1309.3060v4 [cs.CC]},
  month =        {December},
  url =          {http://arxiv.org/abs/1309.3060}
}
@InProceedings{GwynneKullmann2013GoodRepresentationsIILata,
  author =       {Matthew Gwynne and Oliver Kullmann},
  title =        {On {SAT} representations of {XOR} constraints},
  booktitle =    {LATA 2014: Language and Automata Theory and Applications, 8th International Conference},
  pages =        {409--420},
  year =         2014,
  editor =       {Adrian-Horia Dediu and Carlos Mart{\'{\i}}n-Vide and Jos{\'{e}}-Luis Sierra and Bianca Truthe},
  volume =       {8370},
  series =       {Lecture Notes in Computer Science (LNCS)},
  publisher =    {Springer},
  doi =          {10.1007/978-3-319-04921-2_33},
  annote =       {Zugrundeliegender Bericht ist \cite{GwynneKullmann2013GoodRepresentationsII}.}
}
@TechReport{GwynneKullmann2013GoodRepresentationsIIex,
  author =       {Matthew Gwynne and Oliver Kullmann},
  title =        {A framework for good {SAT} translations, with applications to {CNF} representations of {XOR} constraints},
  institution =  {arXiv},
  year =         2014,
  number =       {arXiv:1406.7398v2 [cs.CC]},
  month =        {August},
  url =          {http://arxiv.org/abs/1406.7398}
}

@TechReport{GwynneKullmann2013GoodRepresentationsIII,
  author =       {Matthew Gwynne and Oliver Kullmann},
  title =        {Guiding {SAT} translations by hardness measures},
  institution =  {arXiv},
  year =         2014,
  number =       {To appear},
  month =        {March}
}

@TechReport{GwynneKullmann2011AES,
  author =       {Matthew Gwynne and Oliver Kullmann},
  title =        {Attacking {DES} + {AES} via {SAT}: Applying better box representations},
  institution =  {arXiv},
  year =         2012,
  number =       {arXiv:??? [cs.DM]},
  note =         {In preparation.}
}
@Unpublished{GwynneKullmann2011AESpaper,
  author =       {Matthew Gwynne and Oliver Kullmann},
  title =        {Attacking {AES} via {SAT}},
  note =         {Underlying report is \cite{GwynneKullmann2011AES}.},
  month =        {September},
  year =         2012
}


% Mit Tanbir Ahmend:

@TechReport{AhmedKullmannSnevily2011VdW3k,
  author =       {Tanbir Ahmed and Oliver Kullmann and Hunter Snevily},
  title =        {On the van der {W}aerden numbers $\mathrm{w}(2; 3, t)$},
  institution =  {arXiv},
  year =         2014,
  number =       {arXiv:1102.5433v4 [math.CO]},
  month =        {March},
  url =          {http://arxiv.org/abs/1102.5433}
}
@Article{AhmedKullmannSnevily2011VdW3kArt,
  author =       {Tanbir Ahmed and Oliver Kullmann and Hunter Snevily},
  title =        {On the van der {W}aerden numbers $\mathrm{w}(2; 3, t)$},
  journal =      {Discrete Applied Mathematics},
  year =         2014,
  volume =       174,
  pages =        {27--51},
  month =        {September},
  doi =          {10.1016/j.dam.2014.05.007}
}


% Mit Matthew Lewsey:

@TechReport{KullmannLewsey2011SATCategories,
  author =       {Oliver Kullmann and Matthew Lewsey},
  title =        {SAT and Categories},
  institution =  {arXiv ???},
  year =         {2013},
  OPTkey =       {},
  OPTtype =      {},
  OPTnumber =    {},
  OPTaddress =   {},
  OPTmonth =     {},
  OPTnote =      {},
  OPTannote =    {}
}


% Mit Olaf Beyersdorff:

@TechReport{BeyersdorffGwynneKullmann2013PHPER,
  author =       {Olaf Beyersdorff and Oliver Kullmann},
  title =        {Hardness measures and resolution lower bounds},
  institution =  {arXiv},
  year =         2014,
  number =       {arXiv:1310.7627v2 [cs.CC]},
  month =        {February},
  url =          {http://arxiv.org/abs/1310.7627},
  annote =       {Der ER-Teil soll in \cite{BeyersdorffKullmann2014EPHP} bearbeitet werden, sonst Fortsetzung in \cite{BeyersdorffGwynneKullmann2013PHP} (unter gleicher Nummer).}
}
@TechReport{BeyersdorffGwynneKullmann2013PHP,
  author =       {Olaf Beyersdorff and Oliver Kullmann},
  title =        {Hardness measures and resolution lower bounds},
  institution =  {arXiv},
  year =         2014,
  number =       {arXiv:1310.7627v3 [cs.CC]},
  month =        {October},
  note =         {To appear},
  url =          {http://arxiv.org/abs/1310.7627},
  annote =       {Nachfolger von \cite{BeyersdorffGwynneKullmann2013PHPER}, ohne den ER-Teil.}
}
@InProceedings{BeyersdorffKullmann2014PHP,
  author =       {Olaf Beyersdorff and Oliver Kullmann},
  title =        {Unified characterisations of resolution hardness measures},
  booktitle =    {Theory and Applications of Satisfiability Testing - SAT 2014},
  crossref =     {Wien2014},
  pages =        {170--187},
  year =         2014,
  doi =          {10.1007/978-3-319-09284-3_13},
  annote =       {\cite{BeyersdorffGwynneKullmann2013PHPER} ist der zugrundeliegende Bericht.}
}

@Unpublished{BeyersdorffKullmann2014EPHP,
  author =       {Olaf Beyersdorff and Oliver Kullmann},
  title =        {On the complexity of the Extended Pigeonhole Principle},
  month =        {August},
  year =         2014,
  annote =       {Annotations/2014_EPHP.tex}
}


% Mit Heribert Vollmer:

@Article{creignou_et_al:DR:2013:3978,
  author =      {Nadia Creignou and Nicola Galesi and Oliver Kullmann and Heribert Vollmer},
  title =       {SAT Interactions (Dagstuhl Seminar 12471)},
  pages =       {87--101},
  journal =     {Dagstuhl Reports},
  ISSN =        {2192-5283},
  year =        {2013},
  volume =      {2},
  number =      {11},
  editor =      {Nadia Creignou and Nicola Galesi and Oliver Kullmann and Heribert Vollmer},
  publisher =   {Schloss Dagstuhl--Leibniz-Zentrum fuer Informatik},
  address =     {Dagstuhl, Germany},
  URL =         {http://drops.dagstuhl.de/opus/volltexte/2013/3978},
  URN =         {urn:nbn:de:0030-drops-39786},
  doi =         {10.4230/DagRep.2.11.87},
  annote =      {Keywords: satisfiability problem, computational complexity, P-NP question, proof  complexity, combinatorics, SAT-solvers, quantified Boolean formulas}
}


% Mit Alessandro Previti

@Unpublished{KullmannPreviti2014MUS,
  author =       {Oliver Kullmann and Alessandro Previti},
  title =        {On the structure of minimally unsatisfiable sub-clause-sets},
  note =         {In preparation},
  month =        {March},
  year =         2015,
  annote =       {Previti/2014_Structure.tex}
}


% Mit Sam Buss

@Unpublished{BussKullmann2015Binary,
  author =       {Sam Buss and Oliver Kullmann},
  title =        {Efficient 2-CNF processing},
  note =         {In preparation},
  month =        {March},
  year =         2015,
  annote =       {Annotations/2015_Binary.tex}
}


% -------------------------------------------------------------------------------------------------------------------------------------------------------
% Software
% -------------------------------------------------------------------------------------------------------------------------------------------------------



@Misc{OKRandGen01,
  author =       {Oliver Kullmann},
  title =        {The random formula generator {OKgenerator}},
  howpublished = {Available at \url{http://cs-svr1.swan.ac.uk/~csoliver/OKgenerator.html}},
  month =        {February},
  year =         2002,
  note =         {Implemented in {C++}; Version 1.3, Release 1.0},
  annote =       {4.2.2002}
}
@Misc{OKRandGen01kurz,
  author =       {O.~Kullmann},
  title =        {The random formula generator {OKgenerator}},
  howpublished = {Available at \url{http://cs-svr1.swan.ac.uk/~csoliver/OKgenerator.html}},
  month =        {February},
  year =         2002,
  annote =       {4.2.2002}
}

@Misc{OKsolver01,
  author =       {Oliver Kullmann},
  title =        {The {SAT} solver {OKsolver}},
  howpublished = {Available at \url{http://cs-svr1.swan.ac.uk/~csoliver/OKsolver.html}},
  month =        {May},
  year =         2000,
  note =         {Implemented in {C}; Version 1.0, Release 0.91},
  annote =       {13.5.2002}
}

@Misc{OKsolver02,
  author =       {Oliver Kullmann},
  title =        {The {DPLL}-like {SAT} solver {OKsolver}},
  howpublished = {Available at \url{http://cs-svr1.swan.ac.uk/~csoliver/OKsolver.html}},
  month =        {March},
  year =         2002,
  note =         {Implemented in {C++}; Version 1.2, Release 0.9},
  annote =       {20.8.2002}
}
@Misc{OKsolver02kurz,
  author =       {O.~Kullmann},
  title =        {The {SAT} solver {OKsolver}},
  howpublished = {Available at \url{http://cs-svr1.swan.ac.uk/~csoliver/OKsolver.html}},
  month =        {March},
  year =         2002,
  annote =       {20.8.2002}
}

@Misc{OKdata02,
  author =       {Oliver Kullmann},
  title =        {Aggregated experimental data for the article "{I}nvestigating the behaviour of a {SAT} solver on random formulas"},
  howpublished = {Available at URL \url{http://cs-svr1.swan.ac.uk/~csoliver/Artikel/OKsolverAnalyse.html}},
  month =        {September},
  year =         2002,
  annote =       {17.8.2002}
}

@Misc{OKxml2002,
  author =       {Oliver Kullmann},
  title =        {An {XML} standard for {SAT}},
  howpublished = {Available at \url{http://cs-svr1.swan.ac.uk/~csoliver/OKxml2002.html}},
  month =        {August},
  year =         2002,
  annote =       {19.8.2002}
}
@Misc{OKxml2002kurz,
  author =       {O.~Kullmann},
  title =        {An {XML} standard for {SAT}},
  howpublished = {Available at \url{http://cs-svr1.swan.ac.uk/~csoliver/OKxml2002.html}},
  month =        {August},
  year =         2002,
  annote =       {19.8.2002}
}

@Misc{OKOpenProblemsKonflikt2003,
  author =       {Oliver Kullmann},
  title =        {Open problems on the combinatorics of conflicts between clauses},
  howpublished = {Available at \url{http://cs-svr1.swan.ac.uk/~csoliver/Artikel/OpenProblemsConflicts.html}},
  month =        {July},
  year =         2003,
  annote =       {23.7.2003}
}


% -------------------------------------------------------------------------------------------------------------------------------------------------------
% Vorlesungsskripte und aehnliches
% -------------------------------------------------------------------------------------------------------------------------------------------------------

@Misc{Kullmann2006FoundationsKat,
  author =       {Oliver Kullmann},
  title =        {Foundations of category theory},
  howpublished = {Talk in the Swansea Theoretical Computer Science Hauptseminar; see \url{???}},
  month =        {October},
  year =         2006,
  note =         {98 slides}
}

@Misc{Kullmann2006SpecialMorphisms,
  author =       {Oliver Kullmann},
  title =        {Special morphisms in categories: Cancellation and Inversion},
  howpublished = {Handout for a talk in the Swansea Theoretical Computer Science Hauptseminar; see \url{???}},
  month =        {November},
  year =         2006,
  note =         {20 slides}
}

@Misc{Kullmann2007ConclusionsCategories,
  author =       {Oliver Kullmann},
  title =        {Conclusions on general category theory},
  howpublished = {Handout for a talk in the Swansea Theoretical Computer Science Hauptseminar; see \url{???}},
  month =        {February},
  year =         2007,
  note =         {?? slides}
}

@Misc{Kullmann2007CS342,
  author =       {Oliver Kullmann},
  title =        {{CS}{\_}342 {C}onstraint Satisfaction and Applications: Script 2007/08},
  howpublished = {Swansea University},
  year =         2007,
  note =         {See XXX}
}

% -------------------------------------------------------------------------------------------------------------------------------------------------------
% Ich in der Presse
% -------------------------------------------------------------------------------------------------------------------------------------------------------

@Misc{Newyddion200210,
  title =        {Swansea's Computer Science shines},
  howpublished = {Newyddion; Newsletter of the University of Wales Swansea},
  month =        {October},
  year =         2002,
  volume =       41,
  pages =         6,
  note = {See \url{http://aug2002.itwales.com/news/News_Augarticle1.htm}},
annote = {Interview mit dem von IT Wales zu den Preisen bei SAT 2002 fuer OKsolver.}
}
%----------------------------------------------------------------------------------------------------
@book{h1,
   author = {Devlin, Keith},
   title = {The joy of sets : fundamentals of contemporary set theory},
   publisher = {Springer-Verlag},
   address = {New York},
   edition = {2nd ed.},
   note = {Keith Devlin.
Undergraduate texts in mathematics},
   keywords = {Set theory.},
   ISBN = {0387940944
3540940944},
   year = {1993},
   type = {Book}
}

@book{h2,
   author = {Halmos, Paul R.},
   title = {Naive Set Theory},
   publisher = {Springer-Verlag},
   address = {[S.l.]},
   note = {Undergraduate texts in Mathematics
Reprint of 2nd ed 1960.},
   ISBN = {3540900926},
   year = {1974},
   type = {Book}
}

@misc{h3,
   author = {Cook, Stephen},
   title = {The P Versus NP Problem},
   url = {http://www.claymath.org/prizeproblems/pvsnp.htm},
   type = {Web Page}
}

@misc{h4,
   author = {Cook, Stephen},
   title = {The P Versus NP Problem},
   url = {http://www.claymath.org/sites/default/files/pvsnp.pdf},
   type = {Generic}
}
