@book{h1,
   author = {Devlin, Keith},
   title = {The joy of sets : fundamentals of contemporary set theory},
   publisher = {Springer-Verlag},
   address = {New York},
   edition = {2nd ed.},
   note = {Keith Devlin.
Undergraduate texts in mathematics},
   keywords = {Set theory.},
   ISBN = {0387940944
3540940944},
   year = {1993},
   type = {Book}
}

@book{h2,
   author = {Halmos, Paul R.},
   title = {Naive Set Theory},
   publisher = {Springer-Verlag},
   address = {[S.l.]},
   note = {Undergraduate texts in Mathematics
Reprint of 2nd ed 1960.},
   ISBN = {3540900926},
   year = {1974},
   type = {Book}
}


@misc{h3,
   author = {Judson, Thomas W.},
   title = {Abstract Algebra: Theory and Applications},
   publisher = {Stephen F. Austin State University},
   note = {an open source textbook},
   url = {http://abstract.ups.edu/aata/},
   year = {2015},
   type = {Generic}
}


@misc{h4,
   author = {Cook, Stephen},
   title = {The P Versus NP Problem},
   url = {http://www.claymath.org/sites/default/files/pvsnp.pdf},
   type = {Generic}
}

@article{h5,
  author    = {Oliver Kullmann},
  title     = {Hardness measures and resolution lower bounds},
  journal   = {CoRR},
  volume    = {abs/1310.7627},
  year      = {2013},
  url       = {http://arxiv.org/abs/1310.7627},
  timestamp = {Mon, 04 Nov 2013 15:55:48 +0100},
  biburl    = {http://dblp.uni-trier.de/rec/bib/journals/corr/Kullmann13},
  bibsource = {dblp computer science bibliography, http://dblp.org}
}

@proceedings{h6,
  editor    = {Armin Biere and
               Marijn Heule and
               Hans van Maaren and
               Toby Walsh},
  title     = {Handbook of Satisfiability},
  series    = {Frontiers in Artificial Intelligence and Applications},
  volume    = {185},
  publisher = {{IOS} Press},
  year      = {2009},
  isbn      = {978-1-58603-929-5},
  timestamp = {Wed, 16 Sep 2009 11:21:15 +0200},
  biburl    = {http://dblp.uni-trier.de/rec/bib/series/faia/2009-185},
  bibsource = {dblp computer science bibliography, http://dblp.org}
}

@inproceedings{h7,
  author    = {Nicola Galesi and
               Oliver Kullmann},
  title     = {Polynomial Time {SAT} Decision, Hypergraph Transversals and the Hermitian
               Rank},
  booktitle = {{SAT} 2004 - The Seventh International Conference on Theory and Applications
               of Satisfiability Testing, 10-13 May 2004, Vancouver, BC, Canada,
               Online Proceedings},
  year      = {2004},
  crossref  = {DBLP:conf/sat/2004},
  url       = {http://www.satisfiability.org/SAT04/programme/42.pdf},
  timestamp = {Mon, 06 Jun 2005 13:58:12 +0200},
  biburl    = {http://dblp.uni-trier.de/rec/bib/conf/sat/GalesiK04},
  bibsource = {dblp computer science bibliography, http://dblp.org}
}

@article{h8,
  author    = {Matthew Gwynne and
               Oliver Kullmann},
  title     = {A framework for good {SAT} translations, with applications to {CNF}
               representations of {XOR} constraints},
  journal   = {CoRR},
  volume    = {abs/1406.7398},
  year      = {2014},
  url       = {http://arxiv.org/abs/1406.7398},
  timestamp = {Tue, 01 Jul 2014 11:58:08 +0200},
  biburl    = {http://dblp.uni-trier.de/rec/bib/journals/corr/GwynneK14},
  bibsource = {dblp computer science bibliography, http://dblp.org}
}

@article{h9,
  author    = {Oliver Kullmann and
               Xishun Zhao},
  title     = {Bounds for variables with few occurrences in conjunctive normal forms},
  journal   = {CoRR},
  volume    = {abs/1408.0629},
  year      = {2014},
  url       = {http://arxiv.org/abs/1408.0629},
  timestamp = {Fri, 12 Sep 2014 12:44:21 +0200},
  biburl    = {http://dblp.uni-trier.de/rec/bib/journals/corr/KullmannZ14},
  bibsource = {dblp computer science bibliography, http://dblp.org}
}

@misc{
   author = {Ahmed, Tanbir and Kullmann, Oliver and Snevily, Hunter},
   title = {On the van der Waerdennumbers w(2; 3; t)},
   publisher = {Discrete Applied Mathematics},
   number = {174},
   pages = {27-51},
   url = {http://doi:10.1016/j.dam.2014.05.007},
   year = {September 2014},
   type = {Generic}
}



