% Abschnitte (Sections):
% - Allgemeine Texte
% - Kommutative Algebra und algebraische Geometrie
% - Lineare und Multilineare Algebra
% - Koerper- und Galoistheorie
% - Homologische Algebra
% - Verschiedenes
% - Handbook of Algebra
% - Gruppentheorie
% - Lie-Gruppen und -Algebren
% - Halbgruppen und Verallgemeinerungen
% - Handbook of Linear Algebra

% %%%%%%%%%%%%%%%%%%%%
% % Allgemeine Texte %
% %%%%%%%%%%%%%%%%%%%%

@Book{BouAl1,
  author =	 {Nicolas Bourbaki},
  title = 	 {Algebra I: Chapters 1-3},
  publisher = 	 {Springer-Verlag},
  year = 	 1989,
  series =	 {Elements of Mathematics},
  address =	 {Berlin},
  note =	 {Second printing, ISBN 3-540-19373-1},
  annote =	 {In eigenem Besitz. Siehe Ausarbeitung in "AlgebraI" im Ordner "Genauer".}
}
@Book{BouAl1E,
  author =       {Nicolas Bourbaki},
  title =        {Algebra I: Chapters 1-3},
  publisher =    {Hermann and Addison-Wesley},
  year =         1974,
  series =       {Elements of Mathematics},
  note =         {ISBN 0-201-00639-1},
  annote =       {Scan als Pdf vorhanden.}
}
@Book{BouAl2,
  author =	 {Nicolas Bourbaki},
  title = 	 {Algebra II: Chapters 4-7},
  publisher = 	 {Springer-Verlag},
  year = 	 1989,
  series =	 {Elements of Mathematics},
  address =	 {Berlin},
  note =	 {ISBN 3-540-19375-8; QA155.B68213 1988},
  annote =	 {Vorhanden.}
}

@Book{BouCommAlg,
  author =	 {Nicolas Bourbaki},
  title = 	 {Commutative Algebra: Chapters 1-7},
  publisher = 	 {Springer},
  year = 	 1989,
  series =	 {Elements of Mathematics},
  address =	 {Berlin},
  note =	 {ISBN 3-540-64239-0; QA251.3.B6813 1988},
  annote =	 {Vorhanden.}
}

@Book{vanderWaerdenAlgebraI,
  author =	 {B.L. van der Waerden},
  title = 	 {Algebra I},
  publisher = 	 {Springer-Verlag},
  year = 	 1971,
  volume =	 12,
  series =	 {Heidelberger Taschenb{\"{u}}cher},
  address =	 {Berlin},
  edition =	 {Eigth},
  note =	 {ISBN 3-540-03561-3},
  annote =	 {Vorhanden.}
}
@Book{vanderWaerdenAlgebraII,
  author =	 {B.L. van der Waerden},
  title = 	 {Algebra Volume II},
  publisher = 	 {Springer},
  year = 	 2003,
  address =	 {New York},
  edition =	 {First softcover printing},
  note =	 {ISBN 0-387-40625-5; translated from the German ``Algebra II'', fifth edition, 1967},
  annote =	 {Vorhanden.}
}

@Book{Lang2002Algebra,
  author =	 {Serge Lang},
  title = 	 {Algebra},
  publisher = 	 {Springer},
  year = 	 2002,
  volume =	 211,
  series =	 {Graduate Texts in Mathematics},
  address =	 {New York},
  edition =	 {Third},
  note =	 {ISBN 0-387-95385-X; QA154.3.L3 2002},
  annote =	 {Vorhanden.}
}

@Book{Lorenz1996AlgebraI,
  author =       {Falko Lorenz},
  title =        {Einf\"uhrung in die Algebra I},
  publisher =    {Spektrum Akademischer Verlag},
  year =         1996,
  series =       {Hochschultaschenbuch},
  note =         {ISBN 3-86025-397-2},
  annote =       {Vorhanden.}
}
@Book{Lorenz1996AlgebraII,
  author =       {Falko Lorenz},
  title =        {Einf\"uhrung in die Algebra II},
  publisher =    {Spektrum Akademischer Verlag},
  year =         1997,
  series =       {Hochschultaschenbuch},
  edition =   {Second},
  note =         {ISBN 3-8274-0076-7},
  annote =       {Vorhanden.}
}

@Book{Shafarevich2005BasicAlgebra,
  author =       {I.R. Shafarevich},
  title =        {Basic Notions of Algebra},
  publisher =    {Springer},
  year =         2005,
  volume =       11,
  series =       {Encyclopaedia of Mathematical Sciences},
  note =         {ISBN-10 3-540-25177-4; originally published 1986; translated by Miles Reid},
  annote =       {Vorhanden.}
}


% %%%%%%%%%%%%%%%%%%%%%%%%%%%%%%%%%%%%%%%%%%%%%%%%%%
% % Kommutative Algebra und algebraische Geometrie %
% %%%%%%%%%%%%%%%%%%%%%%%%%%%%%%%%%%%%%%%%%%%%%%%%%%

@Book{BW1993,
  author =	 {Thomas Becker and Volker Weispfenning},
  title = 	 {Gr{\"o}bner Bases: A Computational Approach to Commutative Algebra},
  publisher = 	 {Springer-Verlag},
  year = 	 1993,
  volume =	 141,
  series =	 {Graduate texts in mathematics},
  address =	 {New York},
  annote =	 {Muss man mal bearbeiten. Man kann gleich mit Kapitel 4 starten.
Kapitel 0: Basics
Kapitel 1: Commutative Rings with Unity
Kapitel 2: Polynomial Rings
Kapitel 3: Vector Spaces and Modules
Kapitel 4: Orders and Abstract Reduction Relations
Kapitel 5: Groebner Bases
Kapitel 6: First Applications of Groebner Bases
Kapitel 7: Field Extensions and the Hilbert Nullstellensatz
Kapitel 8: Decomposition, Radical, and Zeroes os Ideals
Kapitel 9: Linear Algebra in Residue Class Rings
Kapitel 10: Variations on Groebner Bases
Appendix: Outlook on Advanced and Related Topics
(UofT: Gerstein, QA 251 .3 B43 1993 c.1 SIGS)}
}

@Book{Eisenbud1995,
  author =	 {David Eisenbud},
  title = 	 {Commutative Algebra with a View toward Algebraic Geometry},
  publisher = 	 {Springer},
  year = 	 1995,
  volume =	 150,
  series =	 {Graduate Texts in Mathematics},
  address =	 {New York},
  note =	 {ISBN 0-387-94269-6; QA251.3.E38 1994},
  annote =	 {Vorhanden. Siehe Besprechung in "CommutativeAlgebraView" im Ordner "Genauer".}
}

@InCollection{Rota2001InvariantTheory,
  author = 	 {Gian-Carlo Rota},
  title = 	 {What is invariant theory, really?},
  booktitle = 	 {Algebraic Combinatorics and Computer Science},
  pages =	 {41-56},
  publisher =	 {Springer},
  year =	 2001,
  editor =	 {H. Crapo and D. Senato},
  address =	 {Milano},
  note =	 {ISBN 88-470-0078-5},
  annote =	 {Gut lesbar}
}

@Unpublished{Levin2002Descartes,
  author = 	 {Stewart A. Levin},
  title = 	 {Descartes' Rule of Signs - How hard can it be?},
  note = 	 {stew @ sep.stanford.edu},
  OPTkey = 	 {},
  OPTmonth = 	 {November},
  OPTyear = 	 {2002},
  OPTannote = 	 {pdf-Datei vorhanden.}
}

@Book{DelzellPrestel2001PositivePolynome,
  author =	 {Alexander Prestel and Charles N. Delzell},
  title = 	 {Positive Polynomials: From Hilbert's 17th Problem to Real Algebra},
  publisher = 	 {Springer},
  year = 	 2001,
  series =	 {Springer Monographs in Mathematics},
  address =	 {Berlin},
  note =	 {ISBN 3-540-41215-8},
  annote =	 {Vorhanden.}
}

@Book{Kunz19080KommAlg,
  author =	 {Ernst Kunz},
  title = 	 {Einf\"uhrung in die kommutative Algebra und algebraische Geometrie},
  publisher = 	 {Friedr.~Vieweg \& Sohn},
  year = 	 1980,
  volume =	 46,
  series =	 {Vieweg Studium: Aufbaukurs Mathematik},
  address =	 {Braunschweig/Wiesbaden},
  note =	 {ISBN 3-528-07246-6},
  annote =	 {Vorhanden.}
}

@Book{DerksenKemper2002Invariantentheorie,
  author =       {Harm Derksen and Gregor Kemper},
  title =        {Computational Invariant Theory},
  publisher =    {Springer},
  year =         2002,
  volume =       130,
  series =       {Encyclopaedia of Mathematical Sciences},
  note =         {ISBN 3-540-43476-3},
  annote =       {Vorhanden.}
}

@Article{GreuelPfister2006Singular,
  author =       {Gert-Martin Greuel and Gerhard Pfister},
  title =        {\texttt{Singular} and Applications},
  journal =      {Jahresbericht der DMV},
  year =         2006,
  volume =       108,
  number =       4,
  pages =        {167-196},
  annote =       {Zeitschrift vorhanden.}
}

@Book{KreuzerRobbiano2000CompCommAlg,
  author =       {Martin Kreuzer and Lorenzo Robbiano},
  title =        {Computational Commutative Algebra 1},
  publisher =    {Springer},
  year =         2000,
  note =         {ISBN 3-540-67733-X},
  annote =       {Vorhanden.}
}
@Book{KreuzerRobbiano2005CompCommAlg,
  author =       {Martin Kreuzer and Lorenzo Robbiano},
  title =        {Computational Commutative Algebra 2},
  publisher =    {Springer},
  year =         2005,
  note =         {ISBN 3-540-25527-3},
  annote =       {Vorhanden.}
}

@InCollection{Buchberger1998IntroductionGroeberbasen,
  author =       {Bruno Buchberger},
  title =        {Introduction to {G}r{\"{o}}bner Bases},
  booktitle =    {Gr{\"{o}}bner Bases and Applications},
  crossref =     {BuchbergerWinkler1998Groeberbasen},
  pages =        {3-31}
}

@Book{BasuPollackRoy2006RealAlgebraicGeometry,
  author =       {Saugata Basu and Richard Pollack and Marie-Fran{\c{c}}oise Roy},
  title =        {Algorithms in Real Algebraic Geometry},
  publisher =    {Springer},
  year =         2006,
  volume =       10,
  series =       {Algorithms and Computation in Mathematics},
  edition =      {Second},
  note =         {ISBN-10 3-540-33098-4},
  annote =       {Vorhanden.}
}

@Book{Prasolov2004Polynomials,
  author =       {Victor V. Prasolov},
  title =        {Polynomials},
  publisher =    {Springer},
  year =         2004,
  volume =       11,
  series =       {Algorithms and Computation in Mathematics},
  note =         {ISBN 978-3-540-40714-0},
  annote =       {Vorhanden.}
}

@Article{Gug64,
  author = 	 "H. Guggenheimer",
  title = 	 "On a note by Q.G. Mohammad",
  journal =	 "Amer.~Math.~Monthly",
  year =	 1964,
  volume =	 " 71",
  pages =	 "54-55",
  annote =       "Bezug: {KuLu97}"
}

@Article{Re92,
  author = 	 "J. Renegar",
  title = 	 "On the computational complexity and geometry of the first-order theory of the reals",
  journal =	 "Journal of Symbolic Computation",
  year =	 1992,
  volume =	 13,
  pages =	 "255-352"
}

@InCollection{Shokurov1994RiemannSurfaces,
  author =       {V.V. Shokurov},
  title =        {Riemann Surfaces and Algebraic Curves},
  booktitle =    {Algebraic Geometry I},
  crossref =     {Shafarevich1994AlgebraicGeometryI},
  pages =        {5-166}
}
@InCollection{Danilov1994AlgebraicVarieties,
  author =       {V.I. Danilov},
  title =        {Algebraic Varieties and Schemes},
  booktitle =    {Algebraic Geometry I},
  crossref =     {Shafarevich1994AlgebraicGeometryI},
  pages =        {167-297}
}

@Book{MillerSturmfels2005CombCommAlg,
  author =       {Ezra Miller and Bernd Sturmfels},
  title =        {Combinatorial Commutative Algebra},
  publisher =    {Springer},
  year =         2005,
  volume =       227,
  series =       {Graduate Texts in Mathematics},
  note =         {ISBN-10 0-387-23707-0},
  annote =       {Vorhanden.}
}


% %%%%%%%%%%%%%%%%%%%%%%%%%%%%%%%%%%%%
% % Lineare und Multilineare Algebra %
% %%%%%%%%%%%%%%%%%%%%%%%%%%%%%%%%%%%%

@Book{Ro1992,
  author =	 {Steven Roman},
  title = 	 {Advanced Linear Algebra},
  publisher = 	 {Springer-Verlag},
  year = 	 1992,
  volume =	 135,
  series =	 {Graduate Texts in Mathematics},
  address =	 {New York},
  note =         {ISBN 0-387-97837-2; QA184.R65 1992},
  annote =	 {UofT Mathe-Bibliothek 15 Roman. Siehe Besprechung in "AdLinAlg" im Ordner "Genauer".}
}
@Book{Ro1992ZA,
  author =       {Steven Roman},
  title =        {Advanced Linear Algebra},
  publisher =    {Springer},
  year =         2005,
  volume =       135,
  series =       {Graduate Texts in Mathematics},
  edition =      {Second},
  note =         {ISBN 0-387-24766-1},
  doi =          {10.1007/0-387-27474-X},
  annote =       {Vorhanden.}
}

@Book{Scharlau1985Quadratic,
  author =	 {Winfried Scharlau},
  title = 	 {Quadratic and Hermitian Forms},
  publisher = 	 {Springer-Verlag},
  year = 	 1985,
  volume =	 270,
  series =	 {Grundlehren der mathematischen Wissenschaften},
  address =	 {Berlin},
  note =	 {ISBN 3-540-13724-6; QA243Sch},
  annote =	 {
1. Basic Concepts
2. Quadratic Forms over Fields
3. Quadratic Forms over Formally Real Fields
4. Generic Methods and Pfister Forms
5. Rational Quadratic Forms
6. Symmetric Bilinear Forms over Dedekind Rings and Global Fields
7. Foundations of the Theory of Hermitian Forms
8. Simple Algebras and Involulutions
9. Clifford Algebras
10. Hermitian Forms over Global Fields
}
}

@Book{MilnorHusemoller1973SymmetricBilinear,
  author =	 {John Milnor and Dale Husemoller},
  title = 	 {Symmetric Bilinear Forms},
  publisher = 	 {Springer-Verlag},
  year = 	 1973,
  volume =	 73,
  series =	 {Ergebnisse der Mathematik und ihrer Grenzgebiete},
  address =	 {Berlin},
  note =	 {ISBN 3-540-06009-X; QA201Mil},
  annote =	 {
1. Basic Concepts
2. Symmetric Inner Product Spaces over $\ZZ$
3. Inner Product Spaces over a Field
4. Discrete Caluations and Dedeking Domains
5. Some Examples
}
}

@Book{OMeara1971Quadratic,
  author =	 {O. Timothy O'Meara},
  title = 	 {Introduction to Quadratic Forms},
  publisher = 	 {Springer},
  year = 	 2000,
  address =	 {Berlin},
  note =	 {Third corrected printing; ISBN 3-540-66564-1; originally published as vol.~117 of Grundlehren der mathematischen Wissenschaften},
  annote =	 {Vorhanden.}
}

@Book{Bapat2002Linear,
  author =	 {R.B. Bapat},
  title = 	 {Linear Algebra and Linear Models},
  publisher = 	 {Springer},
  year = 	 2000,
  address =	 {New York},
  edition =	 {Second},
  note =	 {ISBN 0-387-98871-8; QA184.B37 1999},
  annote =	 {Vorhanden. Siehe Besprechung in "LinearModels" im Ordner "Genauer".}
}

@Book{Zieschang1997LineareAlgebra,
  author =	 {Heiner Zieschang},
  title = 	 {Lineare Algebra und Geometrie},
  publisher = 	 {B.~G.~Teubner Stuttgart},
  year = 	 1997,
  series =	 {Mathematische Leitf\"aden},
  note =	 {ISBN 3-519-02230-3},
  annote =	 {Vorhanden.}
}

@Book{Kasch1997Moduln,
  author =	 {Friedrich Kasch},
  title = 	 {Moduln und Ringe},
  publisher = 	 {B.G. Teubner Stuttgart},
  year = 	 1997,
  series =	 {Mathematische Leitf\"aden},
  note =	 {ISBN 3-519-02211-7},
  annote =	 {Vorhanden.}
}

@Book{Kneser2002Quadratisch,
  author =       {Martin Kneser},
  title = 	 {Quadratische Formen},
  publisher = 	 {Springer},
  year = 	 2002,
  note =         {ISBN 3-540-64650-7},
  annote =       {Vorhanden. Siehe Besprechung in JB der DMV, 105(4), 32-34}
}

@Book{Lorenz1982LAI,
  author =       {Falko Lorenz},
  title =        {Lineare Algebra I},
  publisher =    {Bibliographisches Institut},
  year =         1982,
  volume =       601,
  series =       {BI-Hochschultaschenb\"ucher},
  note =         {ISBN 3-411-00601-3},
  annote =       {Vorhanden}
}
@Book{Lorenz1982LAII,
  author =       {Falko Lorenz},
  title =        {Lineare Algebra II},
  publisher =    {Bibliographisches Institut},
  year =         1982,
  volume =       605,
  series =       {BI-Hochschultaschenb\"ucher},
  note =         {ISBN 3-411-00605-6},
  annote =       {Vorhanden}
}


% %%%%%%%%%%%%%%%%%%%%%%%%%%%%%%
% % Koerper- und Galoistheorie %
% %%%%%%%%%%%%%%%%%%%%%%%%%%%%%%

@Book{Stewart1989Galoistheorie,
  author =	 {Ian Stewart},
  title = 	 {Galois Theory},
  publisher = 	 {Chapman \& Hall/CRC},
  year = 	 1989,
  address =	 {Boca Raton, Florida},
  edition =	 {Second},
  note =	 {ISBN 0-412-34550-1},
  annote =	 {Vorhanden.}
}

@Book{Roman1995Koerpertheorie,
  author =       {Steve Roman},
  title =        {Field Theory},
  publisher =    {Springer-Verlag},
  year =         1995,
  volume =       158,
  series =       {Graduate Texts in Mathematics},
  note =         {ISBN 0-387-94408-7},
  annote =       {Vorhanden.}
}

@Unpublished{BergstraHirschfeldTucker2007Wiesen,
  author =       {Jan A. Bergstra and Yorum Hirschfeld and John V. Tucker},
  title =        {Meadows},
  note =         {Preprint},
  OPTkey =       {},
  month =     {April 19,},
  year =      {2007},
  OPTannote =    {}
}



% %%%%%%%%%%%%%%%%%%%%%%%%
% % Homologische Algebra %
% %%%%%%%%%%%%%%%%%%%%%%%%

@Book{GelfandManin2003HomologischeAlgebra,
  author =	 {Sergei I. Gelfand and Yuri Manin},
  title = 	 {Methods of Homological Algebra},
  publisher = 	 {Springer},
  year = 	 2003,
  series =	 {Monographs in Mathematics},
  address =	 {Berlin},
  edition =	 {Second},
  note =	 {ISBN 3540435832; QA169 .G4513 2003},
  annote =	 {Vorhanden.}
}

@Book{Osborne2000HomologischeAlgebra,
  author =       {M. Scott Osborne},
  title =        {Basic Homological Algebra},
  publisher =    {Springer},
  year =         2000,
  note =         {ISBN 0-387-98934-X; QA169.083},
  annote =       {Vorhanden.}
}

@Book{MacLane1975Homologie,
  author =       {Saunders MacLane},
  title =        {Homology},
  publisher =    {Springer},
  year =         1995,
  series =       {Classics in Mathematics},
  note =         {ISBN 3-540-58662-8; reprint of the 1975 edition (vol.~114 of the Grundlehren der mathematischen Wissenschaften)},
  annote =       {Vorhanden.}
}


% %%%%%%%%%%%%%%%%%
% % Verschiedenes %
% %%%%%%%%%%%%%%%%%


@Book{SD1997,
  author =	 {Eugene Spiegel and Christopher J. O'Donnell},
  title = 	 {Incidence Algebras},
  publisher = 	 {MARCEL DEKKER, INC.},
  year = 	 1997,
  volume =	 206,
  series =	 {Monographs and textbooks in pure and applied mathematics},
  address =	 {New York},
  annote =	 {UofT: Gerstein QA 251 .3 S67 1997x c.1 PASC. Siehe Bearbeitung in "IncidenceAlg" im Ordner "Genauer".
}
}

@Book{Fuc1963,
  author =	 {L. Fuchs},
  title = 	 {Partially Ordered Algebraic Systems},
  publisher = 	 {Pergamon Press},
  year = 	 1963,
  series =	 {International Series of Monographs in Pure and Applied Mathematics},
  address =	 {Oxford},
  note =	 {QA 171 Fuc},
  annote =	 {
Teil 1: Partially ordered groups
Teil 2: Partially ordered rings and fields
Teil 3: Partially ordered semigroups

Hoffte, dass Teil 3 relevant f\"ur meine Systeme mit partieller Instantiierung waere. Drei Kapitel darin:
Kapitel 10: Partial orders on semigroups
Kapitel 11: Fully ordered semigroups
Kapitel 12: Lattice-ordered semigroups
Kapitel 11 behandelt lineare Ordnungen, ist also nicht relevant. Kapitel 12 benutzt in den wesentlichen Teilen ein "Residuum" a : b, was durch die Eigenschaft x <= a : b <-> ax <= b charakterisiert ist --- arithmetisch ist dies die Differenz, jedoch f\"ur Mengenvereinigung existiert kein derartiges Residuum, so dass also auch Kapitel 12 nicht relevant scheint. Kapitel 10 konzentriert sich wohl auf die Beziehungen zu Gruppen (und ist recht kurz), so dass es wohl ebenfalls nicht sonderlich relevant ist.
}
}

@Book{Gol1999,
  author =	 {Jonathan S. Golan},
  title = 	 {Semirings and their Applications},
  publisher = 	 {Kluwer Adademic Publishers},
  year = 	 1999,
  address =	 {Dordrecht},
  note =	 {ISBN 0-7923-5786-8},
  annote =	 {Vorhanden. Leider werden nur Strukturen mit Multiplikation *und* Addition betrachtet, war in meinen Anwendungen doch eher untypisch zu sein scheint. Aber wer weiss, vielleicht sollte man doch mehr Strukturen auf PASS z.B. betrachten.}
}

@Book{Glaz2002GuideSemi,
  author =	 {Kazimierz G{\l}azek},
  title = 	 {A Guide to the Literature on Semirings and their Applications in Mathematics and Information Sciences},
  publisher = 	 {Kluwer Academic Publishers},
  year = 	 2002,
  address =	 {Dordrecht},
  note =	 {ISBN 1-4020-0717-5}
}

@Book{Wagon1985Paradox,
  author =	 {Stan Wagon},
  title = 	 {The Banach-Tarski Paradox},
  publisher = 	 {Cambridge University Press},
  year = 	 {1994 (originally 1985)},
  edition =	 {Paperback},
  note =	 {ISBN 0-521-45704-1},
  annote =	 {Vorhanden.}
}

@Book{Ebbinghaus1992Zahlen,
  author =       {Ebbinghaus et al.},
  title =        {Zahlen},
  publisher =    {Springer-Verlag},
  year =         1992,
  series =       {Springer-Lehrbuch},
  edition =      {Third},
  note =         {ISBN 3-540-55654-0},
  annote =       {Vorhanden.}
}

@Book{HindmanStrauss1998AlgebraStoneCech,
  author =       {Neil Hindman and Dona Strauss},
  title =        {Algebra in the Stone-{\v{C}}ech Compactification},
  publisher =    {Walter de Gruyter},
  year =         1998,
  volume =       27,
  series =       {Expositions in Mathematics},
  note =         {ISBN 3-11-015420-X},
  annote =       {Vorhanden.}
}


% %%%%%%%%%%%%%%%%%%%%%
% Handbook of Algebra %
% %%%%%%%%%%%%%%%%%%%%%

@InCollection{Egorychev1996VanderWaerden,
  author = 	 {G.P. Egorychev},
  title = 	 {Van der {W}aerden conjecture and applications},
  booktitle = 	 {Handbook of Algebra, Volume 1},
  crossref =	 {Hazewinkel1996Algebra1},
  pages =	 {3-26}
}
@InCollection{Kung1996Matroids,
  author = 	 {Joseph P.S. Kung},
  title = 	 {Matroids},
  booktitle = 	 {Handbook of Algebra, Volume 1},
  crossref =	 {Hazewinkel1996Algebra1},
  pages =	 {157-184}
}
@InCollection{LidlNiederreiter1996FiniteFields,
  author = 	 {Rudolf Lidl and Harald Niederreiter},
  title = 	 {Finite Fields and Their Applications},
  booktitle = 	 {Handbook of Algebra, Volume 1},
  crossref =	 {Hazewinkel1996Algebra1},
  pages =	 {321-363}
}
@InCollection{HebischWeinert1996Semirings,
  author = 	 {Udo Hebisch and Hanns Joachim Weinert},
  title = 	 {Semirings and Semifields},
  booktitle = 	 {Handbook of Algebra, Volume 1},
  crossref =	 {Hazewinkel1996Algebra1},
  pages =	 {425-498}
}
@InCollection{MacLaneMoerdijk1996Topostheorie,
  author = 	 {Saunders MacLane and Ieke Moerdijk},
  title = 	 {Topos Theory},
  booktitle = 	 {Handbook of Algebra, Volume 1},
  crossref =	 {Hazewinkel1996Algebra1},
  pages =	 {501-528}
}
@InCollection{Street1996KategorischeStrukturen,
  author = 	 {Ross Street},
  title = 	 {Categorical Structures},
  booktitle = 	 {Handbook of Algebra, Volume 1},
  crossref =	 {Hazewinkel1996Algebra1},
  pages =	 {529-577}
}


% %%%%%%%%%%%%%%%%%%
% % Gruppentheorie %
% %%%%%%%%%%%%%%%%%%

@Article{Far81,
  author = 	 "Daniel R. Farkas",
  title = 	 "Crystallographic groups and their mathematics",
  journal =	 "Rocky Mountain Journal of Mathematics",
  year =	 1981,
  volume =	 11,
  number =	 4,
  pages =	 "511-551",
  month =	 "Fall",
  annote =	 "Eine abstrakte, algebraische, gleichwohl moeglichst
		  elementare Darstellung der Theorie der
		  $n$-dimensionalen kristallographischen Gruppen.
		  
		  (Eine $n$-dimensionale kristallographische Gruppe
		  ist eine diskrete Untergruppe der Gruppe der
		  Isometrien, so dass die topologische Gruppe der
		  Isometrien (versehen mit der Topologie der
		  punktweisen Konvergenz) modulo jene Untergruppe
		  ein kompakter topologischer Raum ist. (Eine diskrete 
		  Untergruppe der Gruppe der Isometrien ist
		  automatisch abgeschlossen.)"
}

@Book{AB95,
  author =	 {J.L. Alperin and Rowen B. Bell},
  title = 	 {Groups and Representations},
  publisher = 	 {Springer New York},
  year = 	 1995,
  volume =	 162,
  series =	 {Graduate Texts in Mathematics},
  annote =	 {Siehe Bearbeitung "AlpBell95" im Ordner "Genauer".}
}

@Article{Asch2000,
  author = 	 {Michael Aschbacher},
  title = 	 {The Classification of the Finite Simple Groups},
  journal = 	 {Jahresbericht der Deutschen Mathematiker-Vereinigung},
  year = 	 2000,
  volume =	 102,
  number =	 3,
  pages =	 {95-101},
  month =	 {October},
  annote =	 {Vorhanden. Siehe Bearbeitung in "AlgAllg" im Ordner "Genauer".}
}

@Article{Ja2001,
  author = 	 {Eric Jaligot},
  title = 	 {Full {F}robenius Groups of Finite Morley Rank and the {F}eit-{T}hompson Theorem},
  journal = 	 {The Bulletin of Symbolic Logic},
  year = 	 2001,
  volume =	 7,
  number =	 3,
  pages =	 {315-328},
  annote =	 {Koennte man als Einstieg benutzen in die Theorie vom Morley-Rang.}
}

@Article{Th2001,
  author = 	 {Simon Thomas},
  title = 	 {On the Complexity of the Classification Problem for Torsion-Free Abelian Groups of Finite Rank},
  journal = 	 {The Bulletin of Symbolic Logic},
  year = 	 2001,
  volume =	 7,
  number =	 3,
  pages =	 {329-344},
  month =	 {September},
  annote =	 {Die Torsions-freien abelschen Gruppen vom Rang $n$ sind genau die Untergruppen von $(\QQ^n, +)$, die $n$ linear unabh\"angige Vektoren enthalten (als $\QQ$-Vektorraum).}
}

@Book{SA2000,
  author =	 {Bruce E. Sagan},
  title = 	 {The Symmetric Group},
  publisher = 	 {Springer},
  year = 	 2000,
  volume =	 203,
  series =	 {Graduate Texts in Mathematics},
  address =	 {New York},
  edition =	 {Second},
  note =	 {ISBN 0-387-95067-2; QA171 .S24 2000},
  annote =	 {Vorhanden. Siehe Besprechung in "SymmGruppe" im Ordner "Genauer".}
}

@Article{Hiss2003Sporadisch,
  author = 	 {Gerhard Hiss},
  title = 	 {Die sporadischen {G}ruppen},
  journal = 	 {Jahresbericht der Deutschen Mathematiker-Vereinigung},
  year = 	 2003,
  volume =	 105,
  number =	 4,
  pages =	 {169-194},
  month =	 {Dezember},
  annote =	 {Zeitschrift vorhanden.}
}

@Book{MagnusKarrassSolitar2004KombinatorischeGruppentheorie,
  author =       {Wilhelm Magnus and Abraham Karrass and Donald Solitar},
  title =        {Combinatorial Group Theory: Presentations of Groups in Terms of Generators and Relations},
  publisher =    {Dover Publications, Inc.},
  year =         2004,
  note =         {ISBN 0-486-43830-9; QA174.2.M36; unabridged and unaltered republication of the second, revised (1976) Dover edition},
  annote =       {Vorhanden.}
}

@Book{Rotman1995Gruppentheorie,
  author =       {Joseph J. Rotman},
  title =        {An Introduction to the Theory of Groups},
  publisher =    {Springer},
  year =         1995,
  volume =       148,
  series =       {Graduate Texts in Mathematics},
  address =      {New York},
  edition =      {Fourth},
  note =         {ISBN 0-387-94285-8; QA174.2.R67},
  annote =       {Vorhanden.}
}

@Article{Eick2005UebersichtAlgorithmischeGruppentheorie,
  author =       {Bettina Eick},
  title =        {Computational Group Theory},
  journal =      {Jahresbericht der DMV},
  year =         2005,
  volume =       107,
  number =       3,
  pages =        {155-170},
  annote =       {Zeitschrift vorhanden.}
}

@Book{LyndonSchupp1977KombinatorischeGruppentheorie,
  author =       {Roger C. Lyndon and Paul E. Schupp},
  title =        {Combinatorial Group Theory},
  publisher =    {Springer},
  year =         2001,
  series =       {Classics in Mathematics},
  note =         {ISBN 3-540-41158-5; reprint of the 1977 Edition},
  annote =       {Vorhanden.}
}

@TechReport{HillarRhea2006AutoendAb,
  author =       {Christopher J. Hillar and Darren L. Rhea},
  title =        {Automorphisms of finite abelian groups},
  institution =  {arXiv},
  year =         2006,
  number =       {arXiv:math.GR/0605185 v1},
  month =        {May},
  annote =       {pdf-Datei vorhanden.}
}

@Book{HoltEickO'OBrien2005AlgorithmischeGruppenheorie,
  author =       {Derek F. Holt and Bettina Eick and Eamonn A. O'Brien},
  title =        {Handbook of Computational Group Theory},
  publisher =    {Chapman \& Hall/CRC},
  year =         2005,
  series =       {Discrete Mathematics and Its Applications},
  note =         {ISBN 1-58488-372-3},
  annote =       {Vorhanden.}
}

@Book{Street2007Quantengruppen,
  author =       {Ross Street},
  title =        {Quantum Groups: A Path to Current Algebra},
  publisher =    {Cambridge University Press},
  year =         2007,
  volume =       19,
  series =       {Australian Mathematical Society Lecture Series},
  note =         {ISBN-978-0-521-69524-4},
  annote =       {Vorhanden.}
}

@Book{MeierGroups2008,
  author =       {John Meier},
  title =        {Groups, Graphs and Trees: An Introduction to the Geometry of Infinite Groups},
  publisher =    {Cambridge University Press},
  year =         2008,
  volume =       73,
  series =       {London Mathematical Society Student Texts},
  note =         {ISBN 978-0-521-71977-3},
  annote =       {Vorhanden.}
}

@TechReport{Everitt2006GraphenFreieGruppen,
  author =       {Brent Everitt},
  title =        {Galois theory, graphs and free groups},
  institution =  {arXiv},
  year =         2006,
  number =       {arXiv:math.GR/0606326 v1},
  month =        {June},
  annote =       {ps-Datei vorhanden.}
}

@Book{Wilson2009FiniteSimpleGroups,
  author =       {Robert A. Wilson},
  title =        {The Finite Simple Groups},
  publisher =    {Springer},
  year =         2009,
  volume =       251,
  series =       {Graduate Texts in Mathematics},
  note =         {ISBN 978-1-84800-987-5},
  annote =       {Vorhanden.}
}


% %%%%%%%%%%%%%%%%%%%%%%%%%%%%%
% % Lie-Gruppen und -Algebren %
% %%%%%%%%%%%%%%%%%%%%%%%%%%%%%

@Book{Hum1972LieAlg,
  author =	 {James E. Humphreys},
  title = 	 {Introduction to Lie Algebras and Representation Theory},
  publisher = 	 {Springer-Verlag},
  year = 	 1972,
  volume =	 9,
  series =	 {Graduate Texts in Mathematics},
  address =	 {New York},
  note =	 {ISBN 0-387-90053-5; QA 252 3 Hum},
  annote =	 {Vorhanden. Siehe Besprechung in "LieRepresentation" im Ordner "Genauer".}
}

@Book{BouLie1,
  author =	 {Nicolas Bourbaki},
  title = 	 {Lie Groups and Lie Algebras: Chapters 1-3},
  publisher = 	 {Springer-Verlag},
  year = 	 1989,
  series =	 {Elements of Mathematics},
  address =	 {Berlin},
  edition =	 {Second printing (softcover)},
  note =	 {ISBN 3-540-64242-0; QA387.B6513 1988},
  annote =	 {Vorhanden.}
}
@Book{BouLie2,
  author =	 {Nicolas Bourbaki},
  title = 	 {Lie Groups and Lie Algebras: Chapters 4-6},
  publisher = 	 {Springer-Verlag},
  year = 	 2002,
  series =	 {Elements of Mathematics},
  address =	 {Berlin},
  note =	 {ISBN 3-540-42650-7},
  annote =	 {Vorhanden.}
}
@Book{BouLie3,
  author =       {Nicolas Bourbaki},
  title =        {Lie Groups and Lie Algebras: Chapters 7-9},
  publisher =    {Springer},
  year =         2005,
  series =       {Elements of Mathematics},
  address =      {Berlin},
  note =         {ISBN 3-540-43405-4},
  annote =       {Vorhanden.}
}

@Book{Jacobson1979LieAlgebras,
  author =	 {Nathan Jacobson},
  title = 	 {Lie Algebras},
  publisher = 	 {Dover},
  year = 	 1979,
  note =	 {ISBN 0-486-63832-4; corrected republication of the original (1962) edition},
  annote =	 {Vorhanden.}
}

@Book{Stillwell2008LieTheory,
  author =       {John Stillwell},
  title =        {Naive Lie Theory},
  publisher =    {Springer},
  year =         2008,
  series =       {Undergraduate Texts in Mathematics},
  note =         {ISBN: 978-0-387-78214-0},
  annote =       {Vorhanden.}
}

@Book{Sepanski2007CompactLieGroups,
  author =       {Mark R. Sepanski},
  title =        {Compact Lie Groups},
  publisher =    {Springer},
  year =         2007,
  volume =       235,
  series =       {Graduate Texts in Mathematics},
  note =         {ISBN-13: 978-0-387-30263-8},
  annote =       {Vorhandnen.}
}


% %%%%%%%%%%%%%%%%%%%%%%%%%%%%%%%%%%%%%%%
% % Halbgruppen und Verallgemeinerungen %
% %%%%%%%%%%%%%%%%%%%%%%%%%%%%%%%%%%%%%%%

@Book{Ho1995,
  author =	 {J.M. Howie},
  title = 	 {Fundamentals of Semigroup Theory},
  publisher = 	 {Oxford University Press},
  year = 	 1995,
  volume =	 12,
  series =	 {London Mathematical Society Monographs, New Series},
  address =	 {Oxford},
  note =         {ISBN 0-19-851194-9; reprinted 2003},
  annote =	 {Vorhanden. Siehe Bearbeitung in "Semimodule" im Ordner "Genauer".
}
}

@Book{KKM2000,
  author =	 {Mati Kilp and Ulrich Knauer and Alexander V. Mikhalev},
  title = 	 {Monoids, Acts and Categories : With Applications to Wreath Products and Graphs},
  publisher = 	 {Walter de Gruyter},
  year = 	 2000,
  volume =	 29,
  series =	 {Expositions in Mathematics},
  address =	 {Berlin},
  note =	 {ISBN 3-11-015248-7; QA169 K55 1999},
  annote =	 {Vorhanden. Die fuenf Kapitel sind:
I Elementary properties of monoids, acts and categories
II Constructions
III Classes of acts
IV Homological classification of monoids
V Equivalence and Duality

Es werden nur Operation von Monoiden auf *Mengen* betrachtet, und diese Aktionen werden mit einem Schwerpunkt dahingehend untersucht, das Monoid besser zu verstehen. Scheint also fuer meine Belange nicht wirklich relevant. Aber Kenntniss von Kapitel 1 und 2 waere natuerlich schoen.
}
}

@Book{Higgins1992Semigroups,
  author =	 {Peter M. Higgins},
  title = 	 {Techniques of Semigroup Theory},
  publisher = 	 {Oxford University Press},
  year = 	 1992,
  address =	 {Oxford},
  note =	 {ISBN 0-19-853577-5; QA171.H56},
  annote =	 {Siehe ???}
}

@InCollection{Wilkeit1999PetriMonoid,
  author = 	 {Elke Wilkeit},
  title = 	 {The monoid and the band of a Petri net},
  booktitle = 	 {Algebraic Engineering},
  pages =	 {61-76},
  publisher =	 {World Scientific Publ.~Co.},
  year =	 1999,
  editor =	 {Chrystopher L. Nehaniv and Masami Ito},
  annote =	 {ps-Datei vorhanden.}
}

@Book{Deussen1971Halbgruppen,
  author =	 {Peter Deussen},
  title = 	 {Halbgruppen und Automaten},
  publisher = 	 {Springer},
  year = 	 1971,
  volume =	 99,
  series =	 {Heidelberger Taschenb{\"u}cher, Sammlung Informatik},
  address =	 {Berlin},
  note =	 {ISBN 3-540-05606-8},
  annote =	 {Vorhanden.}
}

@Article{Weinert1980Quotienten,
  author = 	 {H.J. Weinert},
  title = 	 {S-Sets and Semigroups of Quotients},
  journal = 	 {Semigroup Forum},
  year = 	 1980,
  volume =	 19,
  pages =	 {1-78},
  annote =	 {Ausdruck vorhanden.}
}

@Book{IlseLehmannSchulz1984Gruppoide,
  author =	 {Dieter Ilse and Ingmar Lehmann and Wolfgang Schulz},
  title = 	 {Gruppoide und Funktionalgleichungen},
  publisher = 	 {VEB Deutscher Verlag der Wissenschaften},
  year = 	 1984,
  volume =	 20,
  series =	 {Mathematik f\"ur Lehrer (im Rahmen der Studienb\"ucherei)},
  address =	 {Berlin},
  annote =	 {Vorhanden.}
}

@Book{Grillet1995Halbgruppen,
  author =       {Pierre Antoine Grillet},
  title =        {Semigroups: An Introduction to the Structure Theory},
  publisher =    {Marcel Dekker, Inc.},
  year =         1995,
  volume =       193,
  series =       {Monographs and Textbooks in Pure and Applied Mathematics},
  note =         {ISBN 0-8247-9662-4; QA182.G75},
  annote =       {Zu besorgen.}
}

@Article{Siu1991LatinSquares,
  author =       {Man-Keung Siu},
  title =        {Which Latin Squares are {C}ayley Tables},
  journal =      {The American Mathematical Monthly},
  year =         1991,
  volume =       98,
  number =       7,
  pages =        {625-627},
  annote =       {Pdf-Datei vorhanden.}
}


% %%%%%%%%%%%%%%%%%%%%%%%%%%%%
% Handbook of Linear Algebra %
% %%%%%%%%%%%%%%%%%%%%%%%%%%%%

@InCollection{HallLi2007SignPatternMatrices,
  author =       {Frank J. Hall and Zhongshan Li},
  title = 	     {Sign Pattern Matrices},
  crossref =	{Hogben2007HandbuchLA},
  pages =	      {33(1)-33(21)},
  doi =           {10.1201/9781420010572.ch33}
}
