% Oliver Kullmann, 15.7.2004 (Swansea)

@Book{BirgetMargolisMeakinSapir2000AlgorithmenHalbgruppen,
  editor =	 {Jean-Camille Birget and Stuart Margolis and John Meakin and Mark Sapir},
  title = 	 {Algorithmic Problems in Groups and Semigroups},
  publisher = 	 {Birkh{\"{a}}user},
  year = 	 2000,
  series =	 {Trends in Mathematics},
  address =	 {Boston},
  note =	 {ISBN 0-8176-4130-0; QA174.2.A44},
  annote =	 {Vorhanden.}
}

@Book{Hazewinkel1996Algebra1,
  editor =	 {Michiel Hazewinkel},
  title = 	 {Handbook of Algebra, Volume 1},
  publisher = 	 {Elsevier},
  year = 	 1996,
  address =	 {Amsterdam},
  note =	 {ISBN 0-444-82212-7; QA155.2.H36 1955},
  annote =	 {Vorhanden.}
}
@Book{Hazewinkel2000Algebra2,
  editor =	 {Michiel Hazewinkel},
  title = 	 {Handbook of Algebra, Volume 2},
  publisher = 	 {Elsevier},
  year = 	 2000,
  address =	 {Amsterdam},
  note =	 {ISBN 0 444 50396 X},
  annote =	 {Vorhanden.}
}

@Book{Shafarevich1994AlgebraicGeometryI,
  editor =       {I.R. Shafarevich},
  title =        {Algebraic Geometry I: Algebraic Curves, Algebraic Manifolds and Schemes},
  publisher =    {Springer-Verlag},
  year =         1994,
  volume =       23,
  series =       {Encyclopaedia of Mathematical Sciences},
  note =         {ISBN 3-540-51995-5},
  annote =       {Vorhanden.}
}

@Book{Hogben2007HandbuchLA,
  editor =       {Leslie Hogben},
  title =        {Handbook of Linear Algebra},
  booktitle =    {Handbook of Linear Algebra},
  publisher =    {Chapman \& Hall/CRC},
  year =         2007,
  series =       {Discrete Mathematics and Its Applications},
  note =         {ISBN 1-58488-510-6},
  annote =       {Vorhanden, auch als Pdf.}
}
@Book{Hogben2014HandbuchLA,
  editor =       {Leslie Hogben},
  title =        {Handbook of Linear Algebra},
  booktitle =    {Handbook of Linear Algebra},
  publisher =    {Chapman \& Hall/CRC},
  year =         2014,
  series =       {Discrete Mathematics and Its Applications},
  edition =      {Second},
  note =         {ISBN 978-1-4665-0728-9},
  annote =       {Vorhanden.}
}

@Book{BuchbergerWinkler1998Groeberbasen,
  editor =       {Bruno Buchberger and Franz Winkler},
  title =        {Gr{\"{o}}bner Bases and Applications},
  publisher =    {Cambridge University Press},
  year =         1998,
  volume =       251,
  series =       {London Mathematical Society Lecture Note Series},
  note =         {ISBN 0-521-63298-6},
  annote =       {Vorhanden.}
}

