% Oliver Kullmann, 31.8.2005 (Swansea)

@Article{Ge98,
  author =      "Allen Van Gelder",
  title =       "Autarky Pruning in Propositional Model
                 Elimination Reduces Failure Redundancy",
  journal =     "Journal of Automated Reasoning",
  year =        1999,
  volume =      23,
  number =      2,
  pages =       "137--193",
  annote =      "Pdf-Datei vorhanden.
                 In Theorem 5.2 wird bewiesen, dass fuer seine
                 Tableaux-artige Methode niemals eine Klausel
                 Verwendung findet, die von einer Autarkie
                 erfuellt wird."
}

@Article{Ok98,
  author =       "Fumiaki Okushi",
  title =        "Parallel Cooperative Propositional Theorem Proving",
  journal =      "Annals of Mathematics and Artificial
                  Intelligence",
  year =         1999,
  volume =       26,
  number =       {1-4},
  pages =        "59--85",
  doi =          {10.1023/A:1018946526109},
  annote =       "Pdf-Datei vorhanden.
                  Hier wird die Beobachtung gemacht (Theorem 6), dass zwei
                  Autarkien kombiniert werden koennen (so dass es
                  also eine groesste autarke Teilmenge gibt).
                  Dies wird angewendet auf eine parallele
                  Implementation von ``Modoc'', der ja eine
                  erfuellende Belegung aus Autarkien
                  zusammensetzt."
}
@Article{GeOk2000ModocPlanning,
  author =       "Allen Van Gelder and Fumiaki Okushi",
  title =        "A propositional theorem prover to solve planning and other problems",
  journal =      "Annals of Mathematics and Artificial
                  Intelligence",
  year =         "1999",
  volume =       "26",
  pages =        "87--112",
  annote =       "Pdf-Datei vorhanden."
}
@Article{GeOk2000ModocLearning,
  author =       "Allen Van Gelder and Fumiaki Okushi",
  title =        "Lemma and cut strategies for propositional model elimination",
  journal =      "Annals of Mathematics and Artificial
                  Intelligence",
  year =         "1999",
  volume =       "26",
  pages =        "113--132",
  annote =       "Pdf-Datei vorhanden."
}


@TechReport{Ma99,
  author = 	 "Hans van Maaren",
  title = 	 "A short Note on Linear Autarkies, q-{H}orn Formulas and the Complexity Index",
  institution =  "DIMACS",
  year = 	 1999,
  number = 	 "99-26",
  month = 	 "May",
  note = 	 "Can be obtained from \url{http://dimacs.rutgers.edu/TechnicalReports/}"
}
@Article{Ma99j,
  author = 	 {Hans van Maaren},
  title = 	 {A Short Note on Some Tractable Cases of the Satisfiability Problem},
  journal = 	 {Information and Computation},
  year = 	 2000,
  volume =	 158,
  number =	 2,
  pages =	 {125--130},
  month =	 {May},
  annote =	 {Journal version of \cite{Ma99}}
}

@Unpublished{MarekTruszczynki2005Autarkien,
  author =       {Victor Marek and Miros{\l}aw Truszcz{\'{y}}nski},
  title =        {Algorithmic properties of autarkies},
  note =         {Am 26.8.2005 von Victor Marek zur Ansicht erhalten.},
  OPTkey =       {},
  OPTmonth =     {August},
  OPTyear =      {2005},
  OPTannote =    {pdf-Datei vorhanden.}
}

@InProceedings{LiffitonSakallah2008Trimming,
  author =       {Mark Liffiton and Karem Sakallah},
  title =        {Searching for Autarkies to Trim Unsatisfiable Clause Sets},
  booktitle =    {Theory and Applications of Satisfiability Testing - SAT 2008},
  crossref =     {Guangzhou2008},
  pages =        {182--195},
  doi =          {10.1007/978-3-540-79719-7_18},
  annote =       {Pdf-Datei vorhanden.}
}

@TechReport{CrowstonGutinJonesYeo2010MaxSAT,
  author =       {Robert Crowston and Gregory Gutin and Mark Jones and Anders Yeo},
  title =        {A New Lower Bound on the Maximum Number of Satisfied Clauses in Max-{SAT} and its Algorithmic Applications},
  institution =  {arXiv},
  year =         2010,
  number =       {arXiv:1004.0526v3 [cs.DS]},
  month =        {October}
}

@Article{DD92,
  author =       {Gennady Davydov and Inna Davydova},
  title =        {Tautologies and positive solvability of linear homogeneous systems},
  journal =      {Annals of Pure and Applied Logic},
  year =         1992,
  volume =       57,
  number =       1,
  pages =        {27--43},
  month =        {May},
  doi =          {10.1016/0168-0072(92)90060-D},
  annote =       {Pdf vorhanden.}
}

@Unpublished{DD95,
  author =       {Gennady Davydov and Inna Davydova},
  title =        {Combined calculus for solvable linear systems},
  note =         {Preprint},
  year =         1995,
  annote =       {Siehe Besprechung in "MUSAT" im Ordner "Genauer".}
}

@Article{DD2000,
  author =       {Gennady V.~Davydov and Inna M.~Davydova},
  title =        {Number Representations of Satisfiability},
  journal =      {Journal of Mathematical Sciences},
  year =         2000,
  volume =       98,
  number =       4,
  pages =        {464--477},
  month =        {February},
  note =         {A Translation of Selected Russian-Language Serial Publications in Mathematics},
  annote =       {Vorabversion als ps-Datei vorhanden (2-mal).}
}

@Unpublished{Lin2013SATLA,
  author =       {Fangzhen Lin},
  title =        {From Satisfiability to Linear Algebra},
  note =         {Available at \url{http://www.cs.ust.hk/faculty/flin/papers/sat-linear.pdf}},
  month =        {August},
  year =         2013,
  annote =       {Pdf-Datei vorhanden.}
}

@InProceedings{SIMML2014EfficientAutarkies,
  author =       {Joao Marques-Silva and Alexey Ignatiev and Antonio Morgado and Vasco Manquinho and Ines Lynce},
  title =        {Efficient Autarkies},
  booktitle =    {21st European Conference on Artificial Intelligence (ECAI 2014)},
  pages =        {603--608},
  year =         2014,
  editor =       {Torsten Schaub and Gerhard Friedrich and Barry O'Sullivan},
  volume =       263,
  series =       {Frontiers in Artificial Intelligence and Applications},
  publisher =    {IOS Press},
  doi =          {10.3233/978-1-61499-419-0-603},
  annote =    {Pdf vorhanden.}
}
