% Abschnitte (Sections):
% - Allgemeine Buecher / General books
% - Verschiedenes / miscellaneous
% - Primklauseln / Prime clauses
% - Kryptographie / Cryptography
% - Span programs


% %%%%%%%%%%%%%%%%%%%%%%
% % Allgemeine Buecher %
% %%%%%%%%%%%%%%%%%%%%%%

@Book{CramaHammer2011BooleanFunctions,
  author =       {Yves Crama and Peter L. Hammer},
  title =        {Boolean Functions: Theory, Algorithms, and Applications},
  publisher =    {Cambridge University Press},
  year =         2011,
  volume =       142,
  series =       {Encyclopedia of Mathematics and Its Applications},
  note =         {ISBN 978-0-521-84751-3},
  annote =       {Vorhanden (auch als Pdf-Datei).}
}

@Book{CramaHammer2010BooleanModels,
  editor =       {Yves Crama and Peter L. Hammer},
  title =        {Boolean Models and Methods in Mathematics, Computer Science, and Engineering},
  publisher =    {Cambridge University Press},
  year =         2010,
  volume =       134,
  series =       {Encyclopedia of Mathematics and Its Applications},
  note =         {ISBN 978-0-521-84752-0},
  annote =       {Vorhanden.}
}

@Book{CloteKranakis2002BoolFunktionen,
  author =	 {Peter Clote and Evangelos Kranakis},
  title = 	 {Boolean Functions and Computation Models},
  publisher = 	 {Springer},
  year = 	 2002,
  series =	 {Texts in Theoretical Computer Science},
  address =	 {Berlin},
  note =	 {ISBN 3-540-59436-1; QA267.7 .V58 2001},
  annote =	 {Vorhanden.}
}

@Book{Brown2003Boolean,
  author =	 {Frank Markham Brown},
  title = 	 {Boolean Reasoning: The Logic of Boolean Equations},
  publisher = 	 {Dover Publications, Inc.},
  year = 	 2003,
  edition =	 {Second},
  note =	 {ISBN 0-486-42785-4; QA10.3 .B76 2003},
  annote =	 {Vorhanden.}
}
@Article{Saukkonen2005BesprechungBrown,
  author =       {Kari Saukkonen},
  title =        {Review: {F}rank {M}arkham {B}rown's {B}oolean {R}easoning: {T}he {L}ogic of {B}oolean {E}quations},
  journal =      {Australasian Journal of Logic},
  year =         2005,
  volume =       3,
  pages =        {67-75},
  annote =       {Pdf-Datei vorhanden.}
}

@Book{Rudeanu2001Verbandsfunktionen,
  author =       {Sergiu Rudeanu},
  title =        {Lattice Functions and Equations},
  publisher =    {Springer},
  year =         2001,
  series =       {Discrete Mathematics and Theoretical Computer Science},
  note =         {ISBN 1-85233-266-2; QA171.5.R75},
  annote =       {Vorhanden.}
}

@Book{Boole1854Gesetze,
  author =       {George Boole},
  title =        {An Investigation of The Laws of Thought, on which are founded The Mathematical Theorie of Logic and Probabilities},
  publisher =    {Dover Publication, Inc.},
  year =         1854,
  address =      {New York},
  note =         {First American Printing of the 1865 edition with all corrections made within the text},
  annote =       {Siehe XXX}
}
@Book{Boole1854Gesetzeb,
  author =       {George Boole},
  title =        {An Investigation of The Laws of Thought, on which are founded The Mathematical Theorie of Logic and Probabilities},
  publisher =    {Dover Publication, Inc.},
  year =         {first published in 1958},
  note =         {ISBN 0-486-60028-9; printing of the work originally published by Macmillan in 1854, with all corrections made within the text},
  url =          {http://www.gutenberg.org/ebooks/15114},
  annote =       {Vorhanden.}
}

@Book{Wegener1987BoolescheFunktionen,
  author =       {Ingo Wegener},
  title =        {The Complexity of Boolean Functions},
  publisher =    {B.G. Teubner},
  year =         1987,
  note =         {ISBN 3 519 02107 2; electronic (free) version},
  annote =       {ps-Datei vorhanden.}
}

@Book{Vollmer1999Schaltkreise,
  author =       {Heribert Vollmer},
  title =        {Introduction to Circuit Complexity},
  publisher =    {Springer},
  year =         1999,
  series =       {Texts in Theoretical Computer Science},
  note =         {ISBN 3-540-64310-9},
  annote =       {Vorhanden.}
}

@Book{Schneeweiss1989BoolescheFunktionen,
  author =       {Winfrid G. Schneeweiss},
  title =        {Boolean Functions with Engineering Applications and Computer Programs},
  publisher =    {Springer-Verlag},
  year =         1989,
  doi =          {10.1007/978-3-642-45638-1},
  note =         {ISBN 3-540-18892-4},
  annote =       {Vorhanden.}
}

@Book{KohaviJha2010Switching,
  author =       {Zvi Kohavi and Niraj K. Jha},
  title =        {Switching and Finite Automata Theory},
  publisher =    {Cambridge University Press},
  year =         2010,
  edition =      {Third},
  note =         {ISBN 978-0-521-85748-2},
  annote =       {Vorhanden.}
}

@Book{Paterson1992BooleanFunctionComplexity,
  editor =       {M. S. Paterson},
  title =        {Boolean Function Complexity},
  publisher =    {Cambridge University Press},
  year =         1992,
  volume =       169,
  series =       {London Mathematical Society Lecture Note Series},
  note =         {ISBN-13 978-0-521-40826-4},
  annote =       {Vorhanden.}
}

@InCollection{ButlerSasao2010BfCryptography,
  author =       {Jon T. Butler and Tsutomu Sasao},
  title =        {Boolean Functions for Cryptography},
  booktitle =    {Progress in Applications of Boolean Functions},
  crossref =     {SasaoButler2010ApplicationsBf},
  pages =        {33-53}
}
@Book{SasaoButler2010ApplicationsBf,
  editor =       {Tsutomu Sasao and Jon T. Butler},
  title =        {Progress in Applications of Boolean Functions},
  publisher =    {Morgan \& Claypool Publishers},
  year =         2010,
  series =       {Synthesis Lectures on Digital Circuits and Systems},
  note =         {ISBN: 9781608451814},
  annote =       {Vorhanden.}
}

@Book{Jukna2012BooleanFunctionComplexity,
  author =       {Stasys Jukna},
  title =        {Boolean Function Complexity: Advances and Frontiers},
  publisher =    {Springer},
  year =         2012,
  volume =       27,
  series =       {Algorithms and Combinatorics},
  note =         {ISBN 978-3-642-24507-7},
  annote =       {Vorhanden.}
}


% %%%%%%%%%%%%%%%%%
% % Verschiedenes %
% %%%%%%%%%%%%%%%%%

@Article{FredmanKhachiyan1996TransHyp,
  author = 	 {Michael L. Fredman and Leonid Khachiyan},
  title = 	 {On the complexity of dualization of monotone disjunctive normal forms},
  journal = 	 {Journal of Algorithms},
  year = 	 1996,
  volume =	 21,
  number =	 3,
  pages =	 {618-628},
  annote =	 {pdf-Datei vorhanden.}
}


@MastersThesis{Shannon1940Schalter,
  author =       {Claude Elwood Shannon},
  title =        {A symbolic analysis of relay and switching circuits},
  school =       {Massachusetts Institute of Technology. Dept. of Electrical Engineering},
  year =         1940,
  url =          {http://dspace.mit.edu/handle/1721.1/11173},
  annote =       {pdf-Datei vorhanden.}
}

@Unpublished{KojevnikovKulikovYaroslavtsev2008SchaltkreiseMOD,
  author =       {Arist Kojevnikov and Alexander S. Kulikov and Grigory Yaroslavtsev},
  title =        {Circuit Complexity of {MOD}-Functions},
  note =         {Draft, Stekov Institute St.~Petersburg},
  month =        {November},
  year =         2008,
  annote =       {Pdf-Datei vorhanden.}
}

@Article{BiochIbaraki1995DualPosBoolFunc,
  author =       {J.C. Bioch and T. Ibaraki},
  title =        {Complexity of Identification and Dualization of Positive Boolean Functions},
  journal =      {Information and Computation},
  year =         1995,
  volume =       123,
  number =       1,
  pages =        {50-63},
  month =        {November},
  annote =       {Pdf-Datei vorhanden.}
}

@Article{BiochIbaraki1995DecompPosSelfDual,
  author =       {Jan C. Bioch and Toshihide Ibaraki},
  title =        {Decompositions of positive self-dual Boolean functions},
  journal =      {Discrete Mathematics},
  year =         1995,
  volume =       140,
  pages =        {23-46},
  annote =       {Pdf-Datei vorhanden.}
}

@Article{PeledSimeone1994DualRegBoolF,
  author =       {Uri N. Peled and Bruno Simeone},
  title =        {An ${O}(nm)$-time algorithm for computing the dual of a regular Boolean function},
  journal =      {Discrete Applied Mathematics},
  year =         1994,
  volume =       49,
  pages =        {309-323},
  annote =       {Pdf-Datei vorhanden.}
}

@Article{Makino2003DualDNF,
  author =       {Kazuhisa Makino},
  title =        {Efficient dualization of ${O}(\log n)$-term monotone disjunctive normal forms},
  journal =      {Discrete Applied Mathematics},
  year =         2003,
  volume =       126,
  pages =        {305-312},
  annote =       {Pdf-Datei vorhanden.}
}

@Article{GaurKrishnamurti2008SelfDual,
  author =       {Daya Ram Gaur and Ramesh Krishnamurti},
  title =        {Self-duality of bounded monotone boolean functions and related problems},
  journal =      {Discrete Applied Mathematics},
  year =         2008,
  volume =       156,
  pages =        {1598-1605},
  annote =       {Pdf-Datei vorhanden.}
}

@Article{EiterMakinoGottlob2008MonotoneDual,
  author =       {Thomas Eiter and Kazuhisa Makino and Georg Gottlob},
  title =        {Computational aspects of monotone dualization: A brief survey},
  journal =      {Discrete Applied Mathematics},
  year =         2008,
  volume =       156,
  number =       11,
  pages =        {2035-2049},
  month =        {June},
  doi =          {10.1016/j.dam.2007.04.017},
  annote =       {Pdf-Datei vorhanden.}
}

@Article{Urquhart2009BoolEnum,
  author =       {Alasdair Urquhart},
  title =        {Enumerating types of boolean functions},
  journal =      {The Bulletin of Symbolic Logic},
  year =         2009,
  volume =       15,
  number =       3,
  pages =        {273-299},
  month =        {September},
  annote =       {Ps-Datei vorhanden.}
}

@Unpublished{MundhenkZeranski2011EqMonNf,
  author =       {Martin Mundhenk and Robert Zeranski},
  title =        {How to apply {SAT}-solving for the equivalence test of monotone normalforms},
  note =         {Nicht zur Ver\"offentlichung},
  month =        {March},
  year =         2011,
  annote =       {Eingereicht zu SAT2011 als \Qu{sat11\_submission\_36.pdf}.}
}

@Article{BubeckBuening2010Definitions,
  author =       {Uwe Bubeck and Hans Kleine B{\"{u}}ning},
  title =        {The Power of Auxiliary Variables for Propositional and Quantified Boolean Formulas},
  journal =      {Studies in Logic},
  year =         2010,
  volume =       3,
  number =       3,
  pages =        {1-23},
  annote =       {Pdf-Datei vorhanden.}
}

@TechReport{BorosCepek1994HornNP,
  author =       {Endre Boros and Ond{\v{r}}ej {\v{C}}epek},
  title =        {On the complexity of {H}orn minimization},
  institution =  {Rutcor Research Report},
  year =         1994,
  number =       {RRR 1-94},
  month =        {January},
  annote =       {Ps-Datei vorhanden; Fehler im Beweis der NP-Vollstaendigkeit von 3-Horn, korrigiert in \cite{BorosCepekKucera2013Decomposition}.}
}

@Article{BorosCepekKoganKucera2010Exclusive,
  author    = {Endre Boros and Ond{\v{r}}ej {\v{C}}epek and Alexander Kogan and Petr Ku{\v{c}}era},
  title     = {Exclusive and essential sets of implicates of {B}oolean functions},
  journal   = {Discrete Applied Mathematics},
  volume    = 158,
  number    = 2,
  year      = 2010,
  month     = {January},
  pages     = {81-96},
  doi       = {http://dx.doi.org/10.1016/j.dam.2009.08.012}
}

@Article{BorosCepekKucera2013Decomposition,
  author    = {Endre Boros and Ond{\v{r}}ej {\v{C}}epek and Petr Ku{\v{c}}era},
  title     = {A decomposition method for {CNF} minimality proofs},
  journal   = {Theoretical Computer Science},
  volume    = {510},
  year      = {2013},
  month     = {October},
  pages     = {111-126},
  doi       = {http://dx.doi.org/10.1016/j.tcs.2013.09.016}
}


% %%%%%%%%%%%%%%%%%%%%%%%%%%%%%%%%
% % Primklauseln / Prime clauses %
% %%%%%%%%%%%%%%%%%%%%%%%%%%%%%%%%

@Article{ShinyPujari1999PrimeImplicants,
  author =       {A.K. Shiny and Arun K. Pujari},
  title =        {An Efficient Algorithm to Generate Prime Implicants},
  journal =      {Journal of Automated Reasoning},
  year =         1999,
  volume =       22,
  pages =        {149-170},
  annote =       {Pdf-Datei vorhanden.}
}

@Article{RameshBeckerMurray1997,
  author =       {Anavai Ramesh and George Becker and Neil V. Murray},
  title =        {{CNF} and {DNF} Considered Harmful for Computing Prime Implicants/Implicates},
  journal =      {Journal of Automated Reasoning},
  year =         1997,
  volume =       18,
  pages =        {337-356},
  annote =       {Pdf-Datei vorhanden.}
}

@Article{KeanTsiknis1990IncrementalPrimeImp,
  author =       {Alex Kean and George Tsiknis},
  title =        {An incremental method for generating prime implicants/implicates},
  journal =      {Journal of Symbolic Computation},
  year =         1990,
  volume =       9,
  number =       2,
  pages =        {185-206},
  month =        {February},
  doi =          {10.1016/S0747-7171(08)80029-6},
  annote =       {Pdf-Datei vorhanden.}
}


% %%%%%%%%%%%%%%%%%%%%%%%%%%%%%%%%
% % Kryptographie / Cryptography %
% %%%%%%%%%%%%%%%%%%%%%%%%%%%%%%%%

@Book{CusickStanica2009CryptographicBooleanFunctions,
  author =       {Thomas W. Cusick and Pantelimon St{\u{a}}nic{\u{a}}},
  title =        {Cryptographic Boolean Functions and Applications},
  publisher =    {Academic Press},
  year =         2009,
  note =         {ISBN 978-0-1237-4890-4},
  annote =       {Vorhanden.}
}

@Book{Dalai2010BFAlgebraicAttacks,
  author =       {Deepak Kumar Dalai},
  title =        {On Boolean Functions to Resist Algebraic Attacks: Some Necessary Conditions},
  publisher =    {VDM Verlag Dr.~M{\"u}ller},
  year =         2010,
  note =         {ISBN: 978-3-639-26685-6; PhD thesis},
  annote =       {Vorhanden.}
}

% %%%%%%%%%%%%%%%%%
% % Span programs %
% %%%%%%%%%%%%%%%%%

@Article{BabaiGalWigderson1999MonoteSpanPrograms,
  author =       {L{\'{a}}szl{\'{o}} Babai and Anna G{\'{a}}l and Avi Wigderson},
  title =        {Superpolynomial Lower Bounds for Monotone Span Programs},
  journal =      {Combinatorica},
  year =         1999,
  volume =       19,
  number =       3,
  pages =        {301-319},
  month =        {March},
  doi =          {10.1007/s004930050058},
  annote =       {Ps-Vorabdruck vorhanden.}
}

@article{NikovNikova2004Span,
  author    = {Ventzislav Nikov and Svetla Nikova},
  title     = {New Monotone Span Programs from Old},
  journal   = {IACR Cryptology ePrint Archive},
  volume    = {2004},
  year      = {2004},
  pages     = {282},
  ee        = {http://eprint.iacr.org/2004/282},
  bibsource = {DBLP, http://dblp.uni-trier.de},
  annote    = {Pdf-Datei vorhanden.}
}

@Article{BeimelGalPaterson1996Span,
  author =       {Amos Beimel and Anna G{\'{a}}l and Mike Paterson},
  title =        {Lower bounds for monotone span programs},
  journal =      {Computational Complexity},
  year =         {1996},
  volume =       6,
  number =       1,
  pages =        {29-45},
  annote =       {Vorabdruck vorhanden.}
}

@Article{BeimelWeinrebXXXDifferentFields,
  author =       {Amos Beimel and Enav Weinreb},
  title =        {Separating the Power of Monotone Span Programs over Different Fields},
  journal =      {XXX},
  year =         {XXX},
  OPTkey =       {},
  OPTvolume =    {},
  OPTnumber =    {},
  OPTpages =     {},
  OPTmonth =     {},
  OPTnote =      {},
  OPTannote =    {Vorabdruck vorhanden.}
}

@Unpublished{Fehr1999Dual,
  author =       {Serge Fehr},
  title =        {Efficient Construction of the Dual Span Program},
  note =         {XXX},
  OPTkey =       {},
  OPTmonth =     {May},
  OPTyear =      {1999},
  OPTannote =    {Vorabdruck vorhanden.}
}

http://dl.acm.org/citation.cfm?id=864137
A characterization of span program size and improved lower bounds for monotone span programs



http://link.springer.com/chapter/10.1007%2F978-3-540-30598-9_18
http://citeseerx.ist.psu.edu/viewdoc/summary?doi=10.1.1.93.780
On the Size of Monotone Span Programs
