% Oliver Kullmann, 30.3.2007 (Swansea)

@Book{RBW2006HandbookCSP,
  editor =       {Francesca Rossi and Peter van Beek and Toby Walsh},
  title =        {Handbook of Constraint Programming},
  publisher =    {Elsevier},
  year =         2006,
  series =       {Foundations of Artificial Intelligence},
  ISBN =         {0-444-52726-5},
  annote =       {Vorhanden.}
}

@Proceedings{HamadiBordeaux2006SATCP,
  title =        {Integration of {SAT} and {CSP} Techniques: First International Workshop},
  year =         2006,
  editor =       {Youssef Hamadi and Lucas Bordeaux},
  month =        {September 25,},
  organization = {CP Workshop},
  note =         {Selected articles appeared in the special issue on SAT/CP Integration in Volume 1 of the Journal on Satisfiability, Boolean Modeling and Computation},
  annote =       {Pdf-Datei vorhanden.}
}

@Book{GloverKochenberger2003Metaheuristics,
  editor =       {Fred Glover and Gary A. Kochenberger},
  title =        {Handbook of Metaheuristics},
  publisher =    {Kluwer Academic Publishers},
  year =         2003,
  series =       {International Series in Operations Research \& Management Science},
  ISBN =         {1-4020-7263-5},
  annote =       {Vorhanden.}
}

@Book{Dechter2003Constraints,
  author =       {Rina Dechter},
  title =        {Constraint Processing},
  publisher =    {Morgan Kaufmann},
  year =         2003,
  address =      {San Francisco},
  ISBN =         {1-55860-890-7},
  annote =       {Vorhanden.}
}

@Book{CreignouKolaitisVollmer2008ComplexityConstraints,
  editor =       {Nadia Creignou and Phokion Kolaitis and Heribert Vollmer},
  title =        {Complexity of Constraints: An Overview of Current Research Themes},
  booktitle =    {Complexity of Constraints: An Overview of Current Research Themes},
  publisher =    {Springer},
  year =         2008,
  volume =       5250,
  series =       {Lecture Notes in Computer Science (LNCS)},
  pages =        {321},
  ISBN =         {3-540-92799-9},
  annote =       {Vorhanden.}
}

