% Abschnitte (Sections):
% - Handbook 2006
% - Cardinality constraints
% - Symmetries
% - Generalised clauses
% - Uebersetzungen nach SAT


@Article{BMRSVF99,
  author =       {S. Bistarelli and U. Montanari and F. Rossi and T. Schiex and G. Verfaillie and H. Fargier},
  title =        {Semiring-Based {CSP's} and Valued {CSP's}: Frameworks, Properties, and Comparison},
  journal =      {Constraints},
  year =         1999,
  volume =       4,
  pages =        {199--240},
  annote =       {Siehe Bearbeitung in "CSP" im Ordner "Genauer".}
}

@InProceedings{FV93,
  author =       {Tom{\'{a}}s Feder and Moshe Y. Vardi},
  title =        {Monotone Monadic {SNP} and Constraint Satisfaction},
  booktitle =    {25st Annual ACM Symposium on the Theory of Computing},
  pages =        {612--622},
  year =         1993,
  annote =       {Kopiert.}
}

@Article{FV98,
  author =       {Tom{\'{a}}s Feder and Moshe Y. Vardi},
  title =        {The computational structure of monotone monadic {SNP} and constraint satisfaction: A study through {D}atalog and group theory},
  journal =      {SIAM J. Comput.},
  year =         1998,
  volume =       28,
  number =       1,
  pages =        {57--104},
  annote =       {ps-Datei vorhanden.}
}

@InProceedings{Mi99,
  author =       {David G. Mitchell},
  title =        {Hard Problems for {CSP} Algorithms},
  booktitle =    {Fifteenth National Conference on Artificial Intelligence (AAAI-98)},
  OPTcrossref =  {},
  OPTkey =       {},
  OPTpages =     {},
  year =         {1998},
  OPTeditor =    {},
  OPTvolume =    {},
  OPTnumber =    {},
  OPTseries =    {},
  OPTaddress =   {},
  OPTmonth =     {},
  OPTorganization = {},
  OPTpublisher = {},
  OPTnote =      {},
  annote =       {Vorhanden.}
}

@PhdThesis{Ba95,
  author =       {Andrew B. Baker},
  title =        {Intelligent Backtracking on Constraint Satisfaction Problems: Experimental and Theoretical Results},
  school =       {University of Oregon},
  year =         1995,
  month =        {March},
  note =         {The ps-file can be down loaded using the URL \url{http://www.cirl.uoregon.edu/baker/thesis.ps.gz}},
  annote =       {Ps-Datei vorhanden. Siehe Bearbeitung in "CSP" im Ordner "Genauer".}
}

@InProceedings{DR96,
  author =       {Rina Dechter and Irina Rish},
  title =        {Directional Resolution: The {D}avis-{P}utnam Procedure, Revisited},
  booktitle =    {KR-94},
  year =         1994,
  note =         {An extended version can be obtained from \url{http://www.ics.uci.edu/~irinar}}
}

@Article{DP88,
  author =       {Rina Dechter and Judea Pearl},
  title =        {Network-Based Heuristics for Constraint-Satisfaction Problems},
  journal =      {Artificial Intelligence},
  year =         1988,
  volume =       34,
  pages =        {1--38},
  annote =       {Kopiert. Siehe Bearbeitung in "CSP" im Ordner "Genauer".}
}

@Article{BR2001,
  author =       {Stefano Bistarelli and Francesca Rossi},
  title =        {Semiring-based contstraint logic programming: syntax and semantics},
  journal =      {ACM Transactions on Programming Languages and Systems},
  year =         2001,
  volume =       23,
  number =       1,
  pages =        {1--29},
  month =        {January},
  annote =       {ps-Datei vorhanden (Ordner "CSP").}
}

@Article{Ap2000,
  author =       {Krzysztof R. ~Apt},
  title =        {The role of commutativity in constraint propagation algorithms},
  journal =      {ACM Transactions on Programming Languages and Systems},
  year =         2000,
  volume =       22,
  number =       6,
  pages =        {1002--1036},
  month =        {November},
  annote =       {ps-Datei vorhanden (Ordner "CSP")}
}

@Article{GLS2001,
  author =       {Georg Gottlob and Nicola Leone and Francesco Scarcello},
  title =        {The Complexity of Acyclic Conjunctive Queries},
  journal =      {Journal of the ACM},
  year =         2001,
  volume =       43,
  number =       3,
  pages =        {431--498},
  month =        {May},
  annote =       {ps-Datei vorhanden. Siehe Bearbeitung in "CSP" im Ordner "Genauer".}
}

@Article{Se2001,
  author =       {Franck Seynhaeve},
  title =        {Set constraints and topology},
  journal =      {Information Processing Letters},
  year =         2001,
  volume =       80,
  pages =        {145--150},
  annote =       {pdf-Datei vorhanden (unter "CSP").}
}

@Article{BB2001,
  author =       {Greg J.~Badros and Alan Borning},
  title =        {The Cassowary Linear Arithmetic Constraint Solving Algorithm},
  journal =      {ACM Transactions on Computer-Human Interaction},
  year =         2001,
  volume =       8,
  number =       4,
  pages =        {267--306},
  month =        {December},
  annote =       {Beschreibt die Cassowary-Bibliothek und eine spezielle Anwendung, die Optimierung von Fenster-Plazierungen in Benutzer-Schnittstellen. Implementiert in C++. In der Suse-Distribution enthalten. Siehe http://www.cs.washington.edu/research/constraints/cassowary. Suse: file:/usr/include/cassowary, file:/usr/share/doc/packages/cassowary.}
}

@Article{AKKKMS2001,
  author =       {Dimitris Achlioptas and Lefteris M. Kirousis and Evangelos Kranakis and Danny Krizanc and Michael M.O. Molloy and Yannis C Stamatiou},
  title =        {Random Constraint Satisfaction: A More Accurate Picture},
  journal =      {Constraints},
  year =         2001,
  volume =       6,
  pages =        {329--344},
  annote =       {pdf-Datei vorhanden.}
}

@Article{GMPSW2001,
  author =       {Ian P. Gent and Ewan MacIntyre and Patrick Prosser and Barbara M. Smith and Toby Walsh},
  title =        {Random Constraint Satisfaction: Flaws and Structure},
  journal =      {Constraints},
  year =         {2001},
  OPTkey =       {},
  OPTvolume =    {6},
  OPTnumber =    {},
  OPTpages =     {345--372},
  OPTmonth =     {},
  OPTnote =      {},
  OPTannote =    {pdf-Datei vorhanden.}
}

@Article{BessiereMeseguerFreuderLarossa2002ForwardChecking,
  author =       {Christian Bessi{\`{e}}re and Pedro Meseguer and Eugene C. Freuder and Javier Larossa},
  title =        {On forward checking for non-binary constraint satisfaction},
  journal =      {Artificial Intelligence},
  year =         {To appear},
  OPTkey =       {},
  OPTvolume =    {},
  OPTnumber =    {},
  OPTpages =     {},
  OPTmonth =     {},
  OPTnote =      {},
  OPTannote =    {}
}

@PhdThesis{Black2003Doktorarbeit,
  author =       {Daniel Peter Black},
  title =        {Search in Weighted Constrained Satisfaction Problems},
  school =       {University of Leeds, School of Computing},
  year =         2003,
  month =        {June},
  annote =       {ps-Datei vorhanden.}
}

@InProceedings{Prestwich2003Encodings,
  author =       {Steven Prestwich},
  title =        {Local Search on {SAT}-encoded Colouring Problems},
  booktitle =    {Sixth International Conference on Theory and Applications of Satisfiability Testing},
  crossref =     {SantaMargherita2003b},
  pages =        {105--119},
  year =         2003
}

@Article{CooperSchiex2004ArcConsistency,
  author =       {Martin Cooper and Thomas Schiex},
  title =        {Arc consistency for soft constraints},
  journal =      {Artificial Intelligence},
  year =         2004,
  volume =       154,
  pages =        {199--227},
  annote =       {PDF-Datei vorhanden.}
}

@Article{MiguelShen2001CSPReview,
  author =       {I. Miguel and Q. Shen},
  title =        {Solution Techniques for Constraint Satisfaction Problems: Foundations},
  journal =      {Artificial Intelligence Review},
  year =         2001,
  volume =       15,
  pages =        {243--267},
  annote =       {pdf-Datei vorhanden.}
}

@Unpublished{BKJ99,
  author =       {Andrei A. Bulatov and Andrei A. Krokhin and Peter Jeavons},
  title =        {Constraint Satisfaction Problems and Finite Algebras},
  note =         {Submitted to STOC'00},
  OPTkey =       {},
  OPTmonth =     {October},
  OPTyear =      {1999},
  OPTannote =    {Von Steve Cook zur Begutachtung bekommen. Fuer den Kommentar (November 1999) siehe die Bearbeitung in "CSP" im Ordner "Genauer".
Siehe auch Gutachten "BKJ00" im STOCS-Ordner.
}
}

@InProceedings{Sch78,
  author =       {Thomas J. Schaefer},
  title =        {The complexity of satisfiability problems},
  booktitle =    {Tenth Annual ACM Symposium on Theory of Computing (STOC)},
  pages =        {216--226},
  year =         1978,
  doi =          {10.1145/800133.804350},
  annote =       {Kopiert. Kommentar (5.12.1999)

Kapitel 1: Introduction -- a generalized satisfiability problem

Eine "k-stellige logische Relation" ist ein Paar (k, R), wobei R eine
Teilmenge von {0,1}^k ist (ueblicherweise mit der "logischen
Relation" selbst identifiziert).

Sei S eine endliche Menge von logischen Relationen.

[Muss die Beschraenkung auf endliche Mengen hier wirklich sein??
Sie fuehrt zum Ausschluss der vollen Klasse CNF.]

Eine "S-Formel" ist eine Konjunktion von "verallgemeinerten Klauseln",
d.h., Ausdruecken R(x_1, ..., x_k), wobei R eine k-stellige logische Relation
aus S ist.

Sei SAT(S) die Menge aller erfuellbaren S-Formeln.

[Das "SAT(S)-Problem" ist also das SAT-Problem fuer eine Menge C(S) von
Klauselmengen, wobei C(S) die Menge aller Klauselmengen F ist, fuer die
es eine Zerlegung in F_1, ..., F_m gibt, so dass fuer alle F_i eine R_i aus S
existiert, fuer die F_i eine konjunktive Normalform ist --- F_i muss hierbei
genau k(R) viele Variablen haben, die irgendwie (abhaengig von F_i) eineindeutig
mit den Indices fuer R_i in Beziehung gesetzt werden.

Beispiele fuer C(S) sind k-CNF oder HORN (aber eben eingeschraenkt auf k-CNF.)]

[Eine aequivalente (und fuer mich attraktivere) Beschreibung von C(S) ist wie folgt:

Fuer eine Menge M von Klauselmengen sei H(M) der Abschluss von M unter den Operationen
der Umbenennung und der Vereinigung, wobei Umbenennungen keine Umklappungen
beinhalten. Nun entspricht die Klasse aller C(S) gerade der Klasse aller H(M) fuer endliche M.]


Kapitel 2: The Dichotomy Theorem

Eine logische Relation R heisst

 (a) "0-valid", falls das konstante 0-Tupel in R ist;

 (b) "1-valid", falls das konstante 1-Tupel in R ist;

 (c) "weakly positite", falls R logisch aequivalent zu einer CNF ist,
      wo jede Klausel hoechstens ein positives Literal enthaelt;

 (d) "weakly negative", falls R logisch aequivalent zu einer CNF ist,
      wo jede Klausel hoechstens ein negatives Literal enthaelt;

 (e) "bijunctive", falls R logisch aequivalent zu einer 2-CNF ist;

 (f) "affine", falls R logisch aequivalent zu einem linearen Gleichungssystem
      ueber dem Koerper {0, 1} ist.

"Logisch aequivalent" meint hier, dass R als Teilmenge von {0,1}^k gleich der Menge
der Modelle der CNF ist (ueber den gleichen Variablen). Falls nun fuer eine der
Bedingungen (a) - (f) es der Fall ist, dass alle Relationen in S diese Bedingung
erfuellen, so ist SAT(S) polynomial entscheidbar. Andernfalls ist SAT(S) NP-vollstaendig
unter logarithmisch-platzbeschraenkten Reduktionen.

[Welche Rolle spielt die Endlichkeit von S hier?!

Ein "SAT(S)-Problem" ist wohl als ein *Term* in den Relationen von S gegeben,
und das Problem ist, eine aequivalente CNF mit den Bedingungen (a) - (f) zu
finden. Fuer unendliches S kann dies i.a. nicht in Polynomialzeit geschehen:

Seien die Relationen in S als "schwarze Kaesten" gegeben. Dann ist das Finden
einer aequivalenten CNF natuerlich exponentiell in der Stelligkeit.]

[UMFORMULIERUNG:

Sei M eine endliche Menge von Klauselmengen. Falls M eine der Bedingungen (a) - (f)
erfuellt, dann ist H(M) in Polynomialzeit entscheidbar. Andernfalls is H(M) log-space-NP-
vollstaendig. Ein G aus H(M) ist hierbei nicht einfach als Klauselmenge gegeben, sondern als ein
*Term* (in den Operationen "Umbenennung" und "Vereinigung") ueber M.
(Die Groesse von M beeinflusst wohl nur den "konstanten Faktor" im Polynomialzeit-
Verhalten.)
Die Bdg. besagen, dass alle F in M die entsprechende folgende Bdg. erfuellen:

(a) F ist aequivalent einem F' bestehend nur aus positiven Klauseln.

(b) F ist aequivalent einem F' bestehend nur aus negativen Klauseln.

(c) F ist aequivalent zu einer Horn-Klauselmenge.

(d) Nach Umklappen aller Literale ist F aequivalent zu einer Horn-Klauselmenge.

(e) Die Menge der erfuellenden Belegungen fuer F ist die Loesungsmenge eines
     linearen Gleichungssystems ueber dem Koerper {0, 1}. In anderen Worten,
     F ist aequivalent zu einer Formel, die rein aus Aequivalenz und negierter
     Aequivalenz aufgebaut ist.

(f) F ist aequivalent einem F' in 2-CNF.

ANSATZ:

Da die Bdg. (a) - (f) reine CNF-Bedingungen sind, sollte es eine Form dieses Satzes geben,
die nicht auf der Term-Darstellung basiert, sondern die Eingabe als reine Klauselmenge
ansieht.

VERSUCH:

Fuer festes und endliches M kann aus G gegeben als reine Klauselmenge eine
Term-Darstellung in Polynomialzeit herausgerechnet werden wie folgt:

Ohne Einschraenkungen kann angenommen werden, dass M abgeschlossen unter
Teilmengenbildung ist: Eine der Bdg. (a) - (f) ist genau dann erfuellt fuer M, wenn das
von M erzeugte Ideal es ist.
STOP: Bdg. (e) macht Schwierigkeiten hier. Das Problem liegt wohl darin, dass (e)
(als einzige der Bdg.) nur ueber eine Aequivalenz gegeben ist.

Dies beiseite gelassen, kann man nun eine Termdarstellung von G dadurch finden,
dass man zuerst ein F in M sucht, dass umbenannt eine Teilmenge von G ist ---
existiert kein solches F, dann hat M keine Darstellung. Andernfalls kann man F aus
G entfernen, und den Rest darstellen.

Diskussion von Bdg. (e): Man kann ja sicherlich jede 3-Klausel zu einem F erweitern,
dass ein LGS ueber {0, 1} darstellt. Also ist hier der Uebergang zu den Teilmengen nicht
moeglich. Kann man vielleicht eine Ausnahme-Behandlung durchfuehren?

Die Form der Bedingungen "F ist aequivalent zu einem F' mit ..." macht wohl fundamentale
Schwierigkeiten. Ein Ausweg hieraus ist eine Normierung der F.

ALTERNATIVE: Laesst man "Aequivalenzen" weg, so sind die Klassen zu (a) - (f) nicht
als Teilklassen von Polynomialzeit-entscheidbaren Klassen, da die Klassen alle unter
Vereinigung abgeschlossen sind!  

NEUFORMULIERUNG: Eine bessere Formulierung des Dichotomie-Theorems, die auch auf
die Endlichkeitsbedingung verzichtet, koennte wie folgt aussehen:

Die Klassen von Klauselmengen

 -- HORN: jede Klausel hat hoechstens ein positives Literal;

 -- KHORN: jede Klausel hat hoechstens ein negatives Literal;

 -- AEQ: die Klauselmenge ist Vereinigung der kanonischen CNF's von Formeln
      der Art (v_1 <-> v_2 .... <-> v_m) und ihrer Negationen;
      (wesentlich hier: haben kanonische CNF's solcher Formeln eine Klausel gemeinsam,
      so muessen sie schon identisch sein)

 -- 2-CNF

sind abgeschlossen unter Umbenennung (ohne Umklappen) und Vereinigung, und
sind in Polynomialzeit entscheidbar. (AEQ und 2-CNF sind auch unter Umklappungen
abgeschlossen.)

*Problematisch* nun die Behauptung:

Jede Klasse M von Klauselmengen, die diese
Abgeschlossenheitsbedingungen erfuellt, und nicht enthalten ist in einer dieser
4 speziellen Klassen, ist NP-vollstaendig (bzgl. des SAT-Problems) bzgl. Reduktionen
mit logarithmischem Platzbedarf. ]
}
}
@String{FortsetzungSch78 = {Kapitel 3: Classification of logical relations

Fuer eine gegebene endliche Menge $S$ von Relationen betrachtet man Formeln der
Praedikatenlogik erster Stufe ohne Gleichheit, wobei als Funktionszeichen nur die
Konstanten $0$ und $1$ vorhanden sind, und die Relationszeichen gerade die
Relationen in $S$ sind.

Mit $Gen(S)$ ist die Menge aller Formeln gemeint, die weder Allquantor noch Konjunktion
oder Negation verwenden. Modulo Ueberfuehrung in Praefix-Form sind dies die
Existenz-quantifizierten $S$-Formeln, in die noch Konstanten einsetzt werden koennen
(Achtung: $S$-Formeln wurden am Anfang der Arbeit eingefuehrt, und sind Konjunktionen
von atomaren Formeln (ohne Konstanten)).
$Gen^+(S)$ ist die Menge aller Formeln, die logisch aequivalent zu einer Formel in
$Gen(S)$ sind (die spezielle Bedeutung der Relationen aus $S$ spielt also keine Rolle).

Fuer irgendeine Formel $A$ in den freien Variablen $x_1, ..., x_n$ (die alle verschieden sind;
ferner wird eine lineare Ordnung auf der Menge aller Variablen angenommen, und die
Folge $x_1, ..., x_n$ soll aufsteigen in dieser Ordnung) sei $ [ A ] $ die $n$-stellige
logische Relation, die man in der "Standard-Interpretation" von $A$ ueber dem zwei-
elementigen Universum $\set{0, 1}$ erhaelt (hier wird die Bedeutung der Relationen
benutzt).

Schliesslich sei $Rep(A)$ die Menge aller logischen Relationen $[A]$ fuer Formeln
$A \in Gen(S)$, d.h., logischen Relationen, die durch existenzquantifizierte Formeln
ueber $S$ unter Benutzung der Konstanten $0$ und $1$ definierbar sind.

Theorem 3.0: Falls $S$ eine der Bedingungen

 (a) Jede Relation in $S$ ist schwach positiv.

 (b) Jede Relation in $S$ ist schwach negativ.

 (c) Jede Relation in $S$ is affin.

 (d) Jede Relation in $S$ ist bijunktiv.

erfuellt, so erfuellt $Rep(S)$ die gleiche Bedingung. Andernfalls ist
$Rep(S)$ die Menge aller logischen Relationen.

Der Rest des Kapitels 3 enthaelt den Beweis von Theorem 3.0.
Es wird nur der "Andernfalls"-Teil bewiesen.

Die wesentlichen Schritte sind wie folgt:

Korollar 3.2.1: Ist $R$ eine nicht-schwach positive Relation, und $R'$ eine
nicht-schwach-negative Relation, so enthaelt $Rep(\set{R, R})$ die zweistellige
logische Relation "nicht aequivalent", die im folgenden mit $ne$ bezeichnet wird.

Lemma 3.3: Ist $R$ eine nicht-affine Relation, so ist die zweistellige logische
Relation "oder" (mit $or$ bezeichnet) in $Rep(\set{R, ne})$ enthalten.

Lemma 3.4: Ist $R$ eine nicht-bijunktive logische Relation, so enthaelt $Rep(\set{R, ne, or})$
die drei-stellige logische Relation "genau eines" (mit "eo" bezeichnet).

Lemma 3.5: $Rep(\set{eo})$ ist die Menge aller logischen Relationen.

Damit ist dann der eine Teil von Theorem 3.0 bewiesen.

[ Die andere Richtung scheint mir doch recht interessant zu sein:

Abgeschlossenheit der vier Klassen unter Konjunktion und Einsetzung ist klar
(entspricht Abgeschlossenheit unter Vereinigung und partiellen Belegungen).
Abgeschlossenheit unter Existenzquantifizierung nun entspricht genau der
Abgeschlossenheit unter dem DP-Operator! Und alle vier Klassen sind eben
unter DP-Anwendungen abgeschlossen (fuer die "affinen Klauselmengen" (in
Standardform) ist dies eine kleine Ueberlegung wert). ]

Fuer den Beweis werden die folgenden Charakterisierungen der 4 wesentlichen Typen
von Relationen gegeben. Hierbei wird fuer eine Formel $A$ mit $Sat(A)$ die Menge aller
Modelle von $A$ bezeichnet (Belegungen der Variablen von $A$). Und sei fuer die folgenden
Lemmata $R$ eine $n$-stellige logische Relation, und sei $A := R(x_1, \ldots, x_n)$.

Lemma 3.1A: 
$R$ is affin gdw fuer alle $\vp_1, \vp_2, \vp_3 \in Sat(A)$ gilt:
 $\vp_1 + \vp_2 + \vp_3 \in Sat(A)$, wobei "$+$" die Summe in zweielementigen
Koerper bezeichnet (das "Entweder-Oder").

Fuer $\vp \in Sat(A)$ ist eine "Wechsel-Menge" eine Menge von Variablen von $A$, so
dass flippen dieser Variablen in $\vp$ wieder eine erfuellende Belegung ergibt.

Lemma 3.1B:
$R$ ist genau dann bijunktiv, wenn fuer alle Modelle $\vp \in Sat(A)$ die Menge der
"Wechsel-Mengen" abgeschlossen unter Durchschnitt ist.
Eine andere Charakterisierung ist, dass fuer alle Modelle $\vp \in Sat(A)$ und fuer alle
Variablen $v$, so dass es eine erfuellende Belegung von $A$ gibt, die auf $v$ nicht mit
$\vp$ uebereinstimmt, eine solche erfuellende Belegung dadurch erhalten werden kann,
dass man zusaetzlich zu $v$ noch jene Literale flippt, die aus jener Belegung folgen (alleinig
aus jener Belegung, ohne Beruecksichtigung der sonstigen Belegungen von $\vp$).
}}

@Article{BulatovJeavonsKrokhin2005Klassifizierung,
  author =       {Andrei Bulatov and Peter Jeavons and Andrei Krokhin},
  title =        {Classifying the complexity of constraints using finite algebras},
  journal =      {SIAM Journal on Computing},
  year =         2005,
  volume =       34,
  number =       3,
  pages =        {720--742},
  annote =       {pdf-Datei vorhanden.}
}

@TechReport{Hoeve2001Alldifferent,
  author =       {Willem-Jan van Hoeve},
  title =        {The alldifferent Constraint: A Survey},
  institution =  {arXiv.org},
  year =         2001,
  month =        {May},
  note =         {See \url{http://arxiv.org/abs/cs.PL/0105015}},
  annote =       {pdf-Datei vorhanden.}
}
@TechReport{Hoeve2001Alldifferent2,
  author =       {Willem-Jan van Hoeve},
  title =        {The Alldifferent Constraint: A Survey},
  institution =  {Cornell University, Department of Computer Science},
  year =         2004,
  annote =       {pdf-Datei vorhanden.}
}

@InProceedings{ArmandoCastelliniGiunchigliaMaratea2004DifferenceConstraints,
  author =       {Alessandro Armando and Claudio Castellini and Enrico Giunchiglia and Marco Maratea},
  title =        {A {SAT}-Based Decision Procedure for the Boolean Combination of Difference Constraints},
  booktitle =    {Theory and Applications of Satisfiability Testing 2004},
  crossref =     {Vancouver2004b},
  pages =        {16--29},
  annote =       {pdf-Datei und Konferenzband vorhanden.}
}

@Article{GottlobScarcelloSideri2002FPTAI,
  author =       {Georg Gottlob and Francesco Scarcello and Martha Sideri},
  title =        {Fixed-parameter complexity in {AI} and nonmonotonic reasoning},
  journal =      {Artificial Intelligence},
  year =         2002,
  volume =       138,
  number =       {1-2},
  pages =        {55--86},
  annote =       {pdf-Datei vorhanden.}
}

@TechReport{PearsonJeavons1997UebersichtTractableCSP,
  author =       {Justin Pearson and Peter Jeavons},
  title =        {A Survey of Tractable Constraint Satisfaction Problems},
  institution =  {Royal Holloway, University of London,},
  year =         1997,
  number =       {CSD-TR-97-15},
  month =        {July},
  annote =       {pdf-Datei vorhanden.}
}

@InProceedings{GottlobLeoneScarcello1999Decomposition,
  author =       {Georg Gottlob and Nicola Leone and Franceso Scarcello},
  title =        {A Comparison of Structural {CSP} Decomposition Methods},
  booktitle =    {16th International Joint Conference on Artificial Intelligence ({IJCAI})},
  pages =        {394--399},
  year =         1999,
  publisher =    {Morgan Kaufmann},
  annote =       {pdf-Datei vorhanden.}
}

@InProceedings{BaulandChapdelaineCreignouHermannVollmer2004BoolCSP,
  author =       {Michael Bauland and Philippe Chapdelaine and Nadia Creignou and Miki Hermann and Heribert Vollmer},
  title =        {An Algebraic Approach to the Complexity of Generalized Conjunctive Queries},
  booktitle =    {Theory and Applications of Satisfiability Testing 2004},
  crossref =     {Vancouver2004b},
  pages =        {30--45}
}

@Article{Chen2006ReviewApt,
  author =       {Hubie Chen},
  title =        {Review of Principles of constraint programming by Krzysztof R.~Apt},
  journal =      {The Bulletin of Symbolic Logic},
  year =         2006,
  volume =       12,
  number =       1,
  pages =        {128--131},
  month =        {March},
  annote =       {Zeitschrift vorhanden.}
}

@Book{Apt2003CSP,
  author =       {Krzysztof R. Apt},
  title =        {Principles of Constraint Programming},
  publisher =    {Cambridge University Press},
  year =         2003,
  note =         {ISBN 0 521 82583 0},
  annote =       {Vorhanden (Ansichtsexemplar). Dieses Buch ignoriert vollstaendig Komplexitaetstheorie, Beweistheorie, die Theorie der Aussagenlogik und SAT; nur obskure CSP-Quellen werden zu booleschen CSP genannt (noch nicht einmal Schaefer).}
}

@Article{Apt1999ConstraintPropagation,
  author =       {K. Apt},
  title =        {The essence of constraint propagation},
  journal =      {Theoretical Computer Science},
  year =         1999,
  volume =       221,
  number =       {1-2},
  pages =        {179--210},
  annote =       {Zu besorgen.}
}

@InProceedings{GomesShmoys2002,
  author =       {Carla Gomes and D. Shmoys},
  title =        {Completing Quasigroups or Latin Squares: A Structured Graph Colouring Problem},
  booktitle =    {Computational Symposium on Graph Coloring and its Generalizations},
  OPTcrossref =  {},
  OPTkey =       {},
  OPTpages =     {},
  OPTyear =      {2002},
  OPTeditor =    {},
  OPTvolume =    {},
  OPTnumber =    {},
  OPTseries =    {},
  OPTaddress =   {},
  OPTmonth =     {},
  OPTorganization = {},
  OPTpublisher = {},
  OPTnote =      {},
  OPTannote =    {}
}

@InProceedings{Regin1994AllDifferent,
  author =       {J.-C. R{\'{e}}gin},
  title =        {A Filtering Algorithm for Constraints of Difference in {CSP}s},
  booktitle =    {Twelfth National Conference on Artificial Intelligence (AAAI)},
  pages =        {362--367},
  year =         1994,
  volume =       1,
  annote =       {Pdf-Datei vorhanden.}
}

@Article{Haehnle1994KurzeveralKNF,
  author =       {Reiner H{\"{a}}hnle},
  title =        {Short Conjunctive Normal Forms in Finitely Valued Logics},
  journal =      {Journal of Logic and Computation},
  year =         1994,
  volume =       4,
  number =       6,
  pages =        {905--927},
  annote =       {Pdf-Datei und Kopie vorhanden.}
}

@Article{Freuder1982BacktrackFreeTree,
  author =       {Eugene C. Freuder},
  title =        {A sufficient condition for backtrack-free search},
  journal =      {Journal of the ACM},
  year =         {1982},
  volume =       {29},
  number =       {1},
  pages =        {24--32},
  month =        {January},
  doi =          {10.1145/322290.322292},
  annote =       {Pdf-Datei vorhanden.}
}

@InProceedings{JanssenJegouNouguierVilarem1989Filtering,
  author =       {P. Janssen and P. Jegou and B. Nouguier and M.C. Vilarem},
  title =        {A filtering process for general constraint-satisfaction problems: achieving pairwise-consistency using an associated binary representation},
  booktitle =    {IEEE International Workshop on Tools for Artificial Intelligence},
  pages =        {420--427},
  year =         1989,
  publisher =    {IEEE},
  doi =          {10.1109/TAI.1989.65387},
  annote =       {Pdf-Datei vorhanden.}
}

@InProceedings{Freuder1990KTreeCSP,
  author =       {Eugene C. Freuder},
  title =        {Complexity of K-Tree Structured Constraint Satisfaction Problems},
  booktitle =    {Proceedings of the 8th National Conference on Artificial Intelligence},
  year =         {1990},
  pages =        {4--9},
  publisher =    {AAAI Press / The MIT Press},
  annote =       {Pdf-Datei vorhanden.}
}

@InProceedings{PangGoodwin1997BacktrackFreeSearch,
  author =       {Wanlin Pang and Scott D. Goodwin},
  title =        {A Revised Sufficient Condition for Backtrack-Free Search},
  booktitle =    {Proceedings of the 10th International Florida Artificial Intelligence Symposium},
  pages =        {52--56},
  year =         1997,
  note =         {ISBN 0962017396},
  annote =       {Pdf-Datei vorhanden.}
}


% %%%%%%%%%%%%%%%%%%%%%%%%%%%%%
% Handbook 2006
% %%%%%%%%%%%%%%%%%%%%%%%%%%%%%

@InCollection{RossiBeekWalsh2006Intro,
  author =       {Francesca Rossi and Peter van Beek and Toby Walsh},
  title =        {Introduction},
  booktitle =    {Handbook of Constraint Programming},
  crossref =     {RBW2006HandbookCSP},
  pages =        {3--12},
  chapter =      1,
  doi =          {10.1016/S1574-6526(06)80005-2}
}
@InCollection{FreuderMackworth2006Paradigm,
  author =       {Eugene C. Freuder and Alan K. Mackworth},
  title =        {Constraint Satisfaction: An Emerging Paradigm},
  booktitle =    {Handbook of Constraint Programming},
  crossref =     {RBW2006HandbookCSP},
  pages =        {13--27},
  chapter =      2,
  doi =          {10.1016/S1574-6526(06)80006-4}
}
@InCollection{Bessiere2006Propagation,
  author =       {Christian Bessiere},
  title =        {Constraint Propagation},
  booktitle =    {Handbook of Constraint Programming},
  crossref =     {RBW2006HandbookCSP},
  pages =        {29--83},
  chapter =      3,
  doi =          {10.1016/S1574-6526(06)80007-6}
}
@InCollection{Beek2006Backtracking,
  author =       {Peter van Beek},
  title =        {Backtracking Search Algorithms},
  booktitle =    {Handbook of Constraint Programming},
  crossref =     {RBW2006HandbookCSP},
  pages =        {85--134},
  chapter =      4,
  doi =          {10.1016/S1574-6526(06)80008-8}
}
@InCollection{Dechter2006Tractable,
  author =       {Rina Dechter},
  title =        {Tractable Structures for Constraint Satisfaction Problems},
  booktitle =    {Handbook of Constraint Programming},
  crossref =     {RBW2006HandbookCSP},
  pages =        {209--244},
  chapter =      7,
  doi =          {10.1016/S1574-6526(06)80011-8}
}
@InCollection{GentPetriePuget2006Symmetry,
  author =       {Ian P. Gent and Karen E. Petrie and Jean-Fran{\c{c}}ois Puget},
  title =        {Symmetry in Constraint Programming},
  booktitle =    {Handbook of Constraint Programming},
  crossref =     {RBW2006HandbookCSP},
  pages =        {329--376},
  chapter =      10,
  doi =          {10.1016/S1574-6526(06)80014-3}
}
@InCollection{Smith2006Modelling,
  author =       {Barbara M. Smith},
  title =        {Modelling},
  booktitle =    {Handbook of Constraint Programming},
  crossref =     {RBW2006HandbookCSP},
  pages =        {377--406},
  chapter =      11,
  doi =          {10.1016/S1574-6526(06)80015-5}
}

% %%%%%%%%%%%%%%%%%%%%%%%%%%%%%

@InProceedings{KaskDechterGogate2004Counting,
  author =       {Kalev Kask and Rina Dechter and Vibhav Gogate},
  title =        {Counting-Based Look-Ahead Schemes for Constraint Satisfaction},
  booktitle =    {Principles and Practice of Constraint Programming (CP 2004)},
  pages =        {317--331},
  year =         2004,
  volume =       3258,
  series =       {Lecture Notes in Computer Science (LNCS)},
  annote =       {Pdf-Datei vorhanden.}
}


% %%%%%%%%%%%%%%
% % Symmetries %
%%%%%%%%%%%%%%%%

@Article{MeseguerTorras2001Symmetries,
  author =       {Pedro Meseguer and Carme Torras},
  title =        {Exploiting symmetries within constraint satisfaction search},
  journal =      {Artificial Intelligence},
  year =         2001,
  volume =       129,
  pages =        {133--163},
  annote =       {Pdf-Datei vorhanden.}
}

@InProceedings{HeuleWalsh2010Symmetries,
  author =       {Marijn Heule and Toby Walsh},
  title =        {Symmetry within Solutions},
  booktitle =    {AAAI 2010},
  pages =        {???},
  year =         2010,
  annote =       {Pdf-Datei vorhanden.}
}


% %%%%%%%%%%%%%%%%%%%%%%%
% % Generalised clauses %
% %%%%%%%%%%%%%%%%%%%%%%%

@Article{Frisch1999NBResolution,
  author =       {Alan M. Frisch},
  title =        {Solving Constraint Satisfaction Problems with NB-Resolution},
  journal =      {Link{\"{o}}ping Electronic Articles in Computer and Information Science},
  year =         1999,
  volume =       4,
  number =       37,
  annote =       {ps-Datei vorhanden.}
}

@InProceedings{AnsoteguiManya2005SATCSP,
  author =       {Carlos Ans{\'{o}}tegui and Felip Many{\`{a}}},
  title =        {Bridging the Gap between SAT and CSP},
  booktitle =    {Principles and Practice of Constraint Programming --- CP 2002},
  crossref =     {CP2002},
  pages =        {784--785}
}
@Unpublished{AnsoteguiManya2005SATCSPerweitert,
  author =       {Carlos Ans{\'{o}}tegui},
  title =        {Bridging the Gap between SAT and CSP},
  note =         {Unpublished extended version of \cite{AnsoteguiManya2005SATCSP}},
  OPTkey =       {},
  OPTmonth =     {},
  OPTyear =      {},
  OPTannote =    {Ausdruck vorhanden.}
}

@InProceedings{AnsoteguiBejarCabiscolLiManya2002ManyValued,
  author =       {Carlos Ans{\'{o}}tegui and Ram{\'{o}}n B{\'{e}}jar and Alba Cabiscol and Chu Min Li and Felip Many{\'{a}}},
  title =        {Resolution Methods for Many-Valued CNF Formulas},
  booktitle =    {Fifth International Symposium on Theory and Applications of Satisfiability Testing},
  crossref =     {Cincinnati2002},
  pages =        {156--163},
  annote =       {ps-Datei vorhanden.}
}

% war BHM00a
@InCollection{BeckertHaehnleManya2000SignedCNF,
  author =       {Bernhard Beckert and Reiner H\"{a}hnle and Felip Many\`{a}},
  title =        {The {SAT} Problem of Signed {CNF} Formulas},
  booktitle =    {Labelled Deduction},
  pages =        {59--80},
  publisher =    {Springer Netherlands},
  year =         2000,
  editor =       {David Basin and Marcello D'Agostino and Dov Gabbay and Se\'{a}n Matthews and Luca Vigan\`{o}},
  volume =       17,
  series =       {Applied Logic Series},
  doi =          {10.1007/978-94-011-4040-9_3},
  annote =       {Pdf von Vorversion vorhanden.}
}

@InProceedings{AnsoteguiManya2004FiniteDomainBooleanDomain,
  author =       {Carlos Ans{\'{o}}tegui and Felip Many{\`{a}}},
  title =        {Mapping Problems with Finite-Domain Variables to Problems with Boolean Variables},
  booktitle =    {Theory and Applications of Satisfiability Testing 2004},
  crossref =     {Vancouver2004b},
  pages =        {1--15},
  annote =       {pdf-Datei vorhanden.}
}

@InProceedings{AnsoteguiBonetLevyManya2007CSPSAT,
  author =       {Carlos Ans{\'{o}}tegui and Mar{\'{\i}}a Luisa Bonet and Jordi Levy and Felip Many{\`{a}}},
  title =        {Mapping {CSP} into Many-Valued {SAT}},
  booktitle =    {Theory and Applications of Satisfiability Testing - SAT 2007},
  crossref =     {Lisbon2007},
  pages =        {10--15},
  annote =       {Konferenzband vorhanden.}
}

@Article{ChepoiCreignouHermannSalzer2010Helly,
  author =       {Victor Chepoi and Nadia Creignou and Miki Hermann and Gernot Salzer},
  title =        {The {H}elly property and satisfiability of {B}oolean formulas defined on set families},
  journal =      {European Journal of Combinatorics},
  year =         2010,
  volume =       31,
  number =       2,
  pages =        {502--516},
  month =        {February},
  doi = {10.1016/j.ejc.2009.03.022},
  annote =       {Pdf-Datei vorhanden.}
}

% %%%%%%%%%%%%%%%%%%%%%%%%%%%
% % Uebersetzungen nach SAT %
% %%%%%%%%%%%%%%%%%%%%%%%%%%%

@InProceedings{BessiereHebrardWalsh2003LocalEncodings,
  author =       {Christian Bessi{\`{e}}re and Emmanuel Hebrard and Toby Walsh},
  title =        {Local Consistencies in {SAT}},
  booktitle =    {Theory and Applications of Satisfiability Testing 2003},
  crossref =     {SantaMargherita2003b},
  pages =        {299--314},
  doi =          {10.1007/978-3-540-24605-3_23},
  annote =       {Pdf-Datei und Konferenzband vorhanden.}
}

@InProceedings{BKNW2009CircuitComplexity,
  author =       {Christian Bessiere and George Katsirelos and Nina Narodytska and Toby Walsh},
  title =        {Circuit Complexity and Decompositions of Global Constraints},
  booktitle =    {Twenty-First International Joint Conference on Artificial Intelligence (IJCAI-09)},
  pages =        {412--418},
  year =         2009,
  annote =       {Pdf-Datei vorhanden.}
}

@InProceedings{Gent2002ArcConsistency,
  author =       {Ian P. Gent},
  title =        {Arc Consistency in {SAT}},
  booktitle =    {15th European Conference on Artificial Intelligence (ECAI 2002)},
  year =         {2002},
  editor =       {Frank van Harmelen},
  pages =        {121--125},
  publisher =    {IOS Press},
  annote =       {Pdf-Datei von Vorversion vorhanden.}
}

@InProceedings{Bacchus2007GAC,
  author    = {Fahiem Bacchus},
  title     = {{GAC} Via Unit Propagation},
  booktitle = {Principles and Practice of Constraint Programming - CP 2007},
  editor    = {Christian Bessiere},
  year      = {2007},
  pages     = {133--147},
  series    = {Lecture Notes in Computer Science},
  volume    = {4741},
  doi       = {10.1007/978-3-540-74970-7_12}
}

@Article{Kasif1990SupportEncoding,
  author    = {Simon Kasif},
  title     = {On the Parallel Complexity of Discrete Relaxation in Constraint Satisfaction Networks},
  journal   = {Artificial Intelligence},
  volume    = {45},
  number    = {3},
  year      = {1990},
  pages     = {275--286},
  doi       = {10.1016/0004-3702(90)90009-O},
  annote    = {Zu besorgen.}
}
