% Oliver Kullmann, 27.6.2003
% Abschnitte (Sections):
% - Allgemeine Texte
% - Knuth: The Art of Computer Programming

% %%%%%%%%%%%%%%%%%%%%
% % Allgemeine Texte %
% %%%%%%%%%%%%%%%%%%%%


@Book{Pre1999,
  author =         {Bruno R. Preiss},
  title =          {Data Structures and Algorithms with Object-Oriented Design Patterns in C++},
  publisher =          {John Wiley & Sons, Inc},
  year =          1999,
  note =         {ISBN 0-471-24134-2; QA76.64.P745 1999},
  annote =         {Vorhanden. Hat den Nachteil, dass Templates nicht benutzt werden, sondern so'ne typische Objekt-Hierarchie aufgebaut wird.}
}

@Book{GTM2002DataStructC++,
  author =         {Michael T. Goodrich and Roberto Tamassia and David Mount},
  title =          {Data Structures and Algorithms in C++},
  publisher =          {John Wiley \& Sons, Inc},
  year =          2003,
  edition =          {International},
  note =          {ISBN 0-471-42924-4},
  annote =         {Vorhanden.}
}
@Book{GT2004DataStructJava,
  author =         {Michael T. Goodrich and Roberto Tamassia},
  title =          {Data Structures and Algorithms in Java},
  publisher =          {John Wiley \& Sons, Inc},
  year =          2004,
  edition =          {Third, International},
  note =          {ISBN 0-471-46983-1},
  annote =         {Vorhanden.}
}

@Book{CLR1989,
  author =	 {Thomas H. Cormen and Charles E. Leiserson and Ronald L. Rivest},
  title = 	 {Introduction to Algorithms},
  publisher = 	 {The MIT Press},
  year = 	 1989,
  address =	 {Cambridge, Massachusetts},
  annote =	 {Vorhanden. Kapitel 18 behandelt "Amortized Analysis", aber hauptsaechlich an Beispielen.}
}
@Book{CormenLeisersonRivestStein2001Introduction,
  author =	 {Thomas H. Cormen and Charles E. Leiserson and Ronald L. Rivest and Clifford Stein},
  title = 	 {Introduction to Algorithms},
  publisher = 	 {The MIT Press},
  year = 	 2001,
  address =	 {Cambridge, Massachusetts},
  edition =	 {Second},
  note =	 {ISBN 0-262-03293-7; QA76.6 I5858 2001},
  annote =	 {Vorhanden}
}
@Book{CormenLeisersonRivestStein2009Introduction,
  author =	 {Thomas H. Cormen and Charles E. Leiserson and Ronald L. Rivest and Clifford Stein},
  title = 	 {Introduction to Algorithms},
  publisher = 	 {The MIT Press},
  year = 	 2009,
  address =	 {Cambridge, Massachusetts},
  edition =	 {Third},
  note =	 {ISBN 978-0-262-53305-8},
  annote =	 {Vorhanden}
}


@Book{Levitin2003IntroductionDesignAlg,
  author =	 {Anany Levitin},
  title = 	 {Introduction to The Design and Analysis of Algorithms},
  publisher = 	 {Addison-Wesley},
  year = 	 2003,
  address =	 {Boston},
  note =	 {ISBN 0-201-74395-7; QA76.9.A43 L48 2003},
  annote =	 {Vorhanden. Ist nicht nach Sachgebieten organisiert, sondern nach "algorithmischen Prinzipien". Macht einen ganz guten Eindruck (ignoriert aber SAT).}
}
@Book{Levitin2006IntroductionDesignAlg,
  author =	 {Anany Levitin},
  title = 	 {Introduction to The Design and Analysis of Algorithms},
  publisher = 	 {Addison-Wesley},
  year = 	 2006,
  address =	 {Boston},
  edition =   {Second},
   note =	 {ISBN 0-321-36413-9; Pearson International Edition},
  annote =	 {Vorhanden. Ist nicht nach Sachgebieten organisiert, sondern nach "algorithmischen Prinzipien". Macht einen ganz guten Eindruck (ignoriert aber SAT).}
}

@Book{Shaffer2001IntroDatastructures,
  author =	 {Clifford A. Shaffer},
  title = 	 {A Practical Introduction to Data Structures and Algorithm Analysis},
  publisher = 	 {Prentice Hall},
  year = 	 2001,
  edition =	 {Second},
  note =	 {ISBN 0-13-028446-7},
  annote =	 {Vorhanden. Viel Datastrukturen und Suchen/Sortieren. In C++. Ausfuehrliche Erklaerungen. Macht keinen schlechten Eindruck.}
}

@Book{Sedgewick1998AlgCKap14,
  author =	 {Robert Sedgewick},
  title = 	 {Algorithms in C, Parts 1-4},
  publisher = 	 {Addison-Wesley},
  year = 	 1998,
  edition =	 {Third},
  note =	 {ISBN 0-201-31452-5; QA76.73.C15S43 1998},
  annote =	 {Vorhanden.}
}
@Book{Sedgewick2002AlgCKap5,
  author =	 {Robert Sedgewick},
  title = 	 {Algorithms in {C}, Part  5: Graph Algorithms},
  publisher = 	 {Addison-Wesley},
  year = 	 2002,
  edition =	 {Third},
  note =	 {ISBN 0-201-31663-3; QA76.73.C15S43 2002},
  annote =	 {Vorhanden.}
}
% War Sedgewick2001AlgCppKap5 (30.6.2007)
@Book{Sedgewick2001AlgCppPart5,
  author =	 {Robert Sedgewick},
  title = 	 {Algorithms in C++, Part 5: Graph Algorithms},
  publisher = 	 {Addison-Wesley},
  year = 	 2001,
  edition =	 {Third},
  note =	 {ISBN 0-201-36118-3},
  annote =	 {}
}

@Book{JohnsonbaughSchaefer2004Alg,
  author =	 {Richard Johnsonbaugh and Marcus Schaefer},
  title = 	 {Algorithms},
  publisher = 	 {Pearson Education International},
  year = 	 2004,
  note =	 {ISBN 0-13-122853-6},
  annote =	 {Vorhanden. Enthaelt ein gar nicht so schlechtes Kapitel "Coping with NP-completeness".}
}

@Book{Schoening2001Algorithmik,
  author =	 {Uwe Sch\"oning},
  title = 	 {Algorithmik},
  publisher = 	 {Spektrum Akademischer Verlag},
  year = 	 2001,
  series =	 {Spektrum Lehrbuch},
  address =	 {Heidelberg},
  note =	 {ISBN 3-8274-1092-4},
  annote =	 {Zu besorgen.}
}

@Book{KleinbergTardos2005Algorithmen,
  author =       {Jon Kleinberg and {\'{E}}va Tardos},
  title =        {Algorithm Design},
  publisher =    {Addison-Wesley},
  year =         2005,
  note =         {ISBN 0-321-29535-8; QA76.9.A43K54},
  annote =       {Vorhanden.}
}

@Book{Harel2004Algorithmik,
  author =       {David Harel (with Yishai Feldman)},
  title =        {Algorithmics: The Spirit of Computing},
  publisher =    {Addison-Wesley},
  year =         2004,
  edition =      {Third},
  note =         {ISBN 0 321 11784 0; QA76.9.A43H37},
  annote =       {Vorhanden.}
}

@Article{Veltkamp2007Medienfinden,
  author =       {Remco C. Veltkamp},
  title =        {A bit of multimedia retrieval algorithmics},
  journal =      {Bulletin of the EATCS},
  year =         2007,
  volume =       91,
  pages =        {29-41},
  annote =       {Gesamt-pdf vorhanden.}
}

@Book{NeapolitanNaimipour2004,
  author =       {Richard E. Neapolitan and Kumarss Naimipour},
  title =        {Foundations of Algorithms Using C++ Pseudocode},
  publisher =    {Jones and Bartlett Publishers},
  year =         2004,
  edition =      {Third},
  note =         {ISBN 0-7637-2387-8},
  annote =       {Vorhanden.}
}

@TechReport{Knuth2000VerketteteListen2D,
  author =       {Donald E. Knuth},
  title =        {Dancing Links},
  institution =  {arXiv},
  year =         2000,
  number =    {cs/0011047v1},
  month =        {November},
  note =         {\url{http:arxiv.org/abs/cs/0011047v1}},
  annote =       {Pdf-Datei vorhanden.}
}

@Book{VADRSVW2008Algorithmen,
  editor =       {Berthold V{\"{o}}cking and Helmut Alt and Martin Dietzfelbinger and R{\"{u}}diger Reischuk and Christian Scheideler and Heribert Vollmer and Dorothea Wagner},
  title =        {Taschenbuch der Algorithmen},
  publisher =    {Springer},
  year =         2008,
  series =       {eXamen.press},
  note =         {ISBN 978-3-540-76393-2},
  annote =       {Vorhanden.}
}

@Book{Sperschneider2008Bioinformatics,
  author =       {Volker Sperschneider},
  title =        {Bioinformatics: Problem Solving Paradigms},
  publisher =    {Springer},
  year =         2008,
  note =         {ISBN 978-3-540-78505-7},
  annote =       {Vorhanden.}
}

@Book{Edmonds2008Algorithms,
  author =       {Jeff Edmonds},
  title =        {How to Think about Algorithms},
  publisher =    {Cambridge University Press},
  year =         2008,
  note =         {ISBN 978-0-521-61410-8},
  annote =       {Vorhanden.}
}


% %%%%%%%%%%%%%%%%%%%%%%%%%%%%%%%%%%%
% % The Art of Computer Programming %
% %%%%%%%%%%%%%%%%%%%%%%%%%%%%%%%%%%%

@Book{Knuth1997Vol1,
  author =	 {Donald E. Knuth},
  title = 	 {The Art of Computer Programming, Volume 1: Fundamental Algorithms},
  publisher = 	 {Addison-Wesley},
  year = 	 1997,
  address =	 {Reading, Massuchusetts},
  edition =	 {Third},
  note =	 {ISBN 0-201-89683-4; QA76.6.K64 1997},
  annote =	 {Vorhanden.}
}
@Book{Knuth1997Vol2,
  author =	 {Donald E. Knuth},
  title = 	 {The Art of Computer Programming, Volume 2: Seminumerical Algorithms},
  publisher = 	 {Addison-Wesley},
  year = 	 1997,
  address =	 {Reading, Massuchusetts},
  edition =	 {Third},
  note =	 {ISBN 0-201-89684-2; QA76.6.K64 1997},
  annote =	 {Vorhanden.}
}
@Book{Knuth1998Vol3,
  author =       {Donald E. Knuth},
  title =        {The Art of Computer Programming, Volume 3: Sorting and Searching},
  publisher =    {Addison-Wesley},
  year =         1998,
  edition =      {Second},
  note =         {ISBN 0-201-89685-0},
  annote =       {Vorhanden.}
}
@Book{Knuth2011Vol4A,
  author =       {Donald E. Knuth},
  title =        {The Art of Computer Programming, Volume 4A: Combinatorial Algorithms, Part 1},
  publisher =    {Addison-Wesley},
  year =         2011,
  note =         {ISBN-13 978-0-201-03804-0},
  annote =       {Vorhanden.}
}

@Book{Knuth2008BooleanFunctions,
  author =       {Donald E. Knuth},
  title =        {Introduction to Combinatorial Algorithms and Boolean Functions},
  publisher =    {Addison-Wesley},
  year =         2008,
  volume =       {4, Fascicle 0},
  series =       {The Art of Computer Programming},
  note =         {ISBN 0-321-53496-4},
  annote =       {Vorhanden.}
}
@Book{Knuth1997Vol42,
  author =	 {Donald E. Knuth},
  title = 	 {The Art of Computer Programming, Volume 4: Generating All Tuples and Permutations (Fascicle 2)},
  publisher = 	 {Addison-Wesley},
  year = 	 2005,
  address =	 {Upper Saddle River, NJ},
  note =	 {ISBN 0-201-85393-0},
  annote =	 {Vorhanden.}
}
@Book{Knuth1997Vol43,
  author =	 {Donald E. Knuth},
  title = 	 {The Art of Computer Programming, Volume 4: Generating All Combinations and Partitions (Fascicle 3)},
  publisher = 	 {Addison-Wesley},
  year = 	 2005,
  address =	 {Upper Saddle River, NJ},
  note =	 {ISBN 0-201-85394-9; QA76.6.K64},
  annote =	 {Vorhanden.}
}
@Book{Knuth1997Vol44,
  author =	 {Donald E. Knuth},
  title = 	 {The Art of Computer Programming, Volume 4: Generating All Trees; History of Combinatorial Generation (Fascicle 4)},
  publisher = 	 {Addison-Wesley},
  year = 	 2005,
  address =	 {Upper Saddle River, NJ},
  note =	 {ISBN 0-321-33570-8; QA76.6.K64},
  annote =	 {Vorhanden.}
}
@Book{Knuth2015Vol46,
  author =	 {Donald E. Knuth},
  title = 	 {The Art of Computer Programming, Volume 4: Satisfiability (Fascicle 6)},
  publisher = {Addison-Wesley},
  year = 	 2015,
  note =	 {ISBN-13 978-0134397603},
  url =      {http://www-cs-faculty.stanford.edu/~uno/fasc6a.ps.gz},
  annote =	 {Zu besorgen; ps-Datei von Vorversion vorhanden.}
}
