% Oliver Kullmann, 25.3.2006 (Swansea)

@Book{GrossYellen2003Graphhandbuch,
  editor =       {Jonathan L. Gross and Jay Yellen},
  title =        {Handbook of Graph Theory},
  publisher =    {CRC Press},
  year =         2003,
  series =       {Discrete Mathematics and Its Applications},
  note =         {ISBN 1-58488-090-2; QA166.H36},
  annote =       {Vorhanden. Internetseite \url{http://www.graphtheory.com}.}
}

@Book{AlfonsinReed2001PerfekteGraphen,
  editor =       {Jorge L. Ram{\'{\i}}rez Alfons{\'{\i}}n and Bruce A. Reed},
  title =        {Perfect Graphs},
  publisher =    {John Wiley \& Sons, Ltd.},
  year =         2001,
  series =       {Wiley-Interscience Series in Discrete Mathematics and Optimization},
  note =         {ISBN 0-471-48970-0, QA166.16.P47},
  annote =       {Vorhanden.}
}

@Proceedings{Kratsch2005WG,
  title =        {Graph-Theoretic Concepts in Computer Science: 31st International Workshop (WG 2005)},
  year =         2005,
  editor =       {Dieter Kratsch},
  volume =       3787,
  series =       {Lecture Notes in Computer Science (LNCS)},
  publisher =    {Springer},
  note =         {ISBN 3-540-31000-2},
  annote =       {Vorhanden.}
}

@Book{GyoeriKatonaLovasz2006GraphenZahlen,
  editor =       {Ervin Gy{\"{o}}ri and Gyula O.H. Katona and Laszlo Lov{\'{a}}sz},
  title =        {More Sets, Graphs and Numbers},
  publisher =    {Springer},
  year =         2006,
  volume =       15,
  series =       {Bolyai Society Mathematical Studies},
  isbn =         {3-540-32377-5}
}

@Book{BeinekeWilson2004AlgebraischeGraphentheorie,
  editor =       {Lowell W. Beineke and Robin J. Wilson},
  title =        {Topics in Algebraic Graph Theory},
  publisher =    {Cambridge University Press},
  year =         2004,
  series =       {Encyclopedia of Mathematics and Its Applications},
  note =         {ISBN 0 521 80197 4},
  annote =       {Vorhanden.}
}

@Book{Rees1993GraphsMatricesDesigns,
  editor =	 {Rolf S. Rees},
  title = 	 {Graphs, Matrices and Designs},
  publisher = 	 {Marcel Dekker, Inc.},
  year = 	 1993,
  volume =	 139,
  series =	 {Lecture notes in pure and applied mathematics},
  address =	 {New York},
  note =	 {ISBN 0-8247-8790-0; QA166.G736 1993},
  annote =	 {Von Interesse: \cite{CGP1993}, \cite{HLM1993}.}
}

