% Abschnitte (Sections):
% - Allgemeines (General)
% - Topostheorie und Garbentheorie (Topos theory and sheaf theory)


% %%%%%%%%%%%%%%%%%%%%%%%%%
% % Allgemeines (General) %
% %%%%%%%%%%%%%%%%%%%%%%%%%

@Book{AM1975,
  author =       {Michael A. Arbib and Ernest G. Manes},
  title =        {Arrows, Structures, and Functors},
  publisher =    {Academic Press, Inc.},
  year =         1975,
  address =      {New York},
  note =         {ISBN 0-12-059060-3},
  annote =       {Auf elementarem Niveau, mit vielen Beispielen (z.B. metrische Raueme, ...). Macht keinen schlechten Eindruck.
}
}

@Book{McL1971,
  author =       {Saunders Mac Lane},
  title =        {Categories for the Working Mathematician},
  publisher =    {Springer-Verlag},
  year =         1971,
  volume =       5,
  series =       {Graduate Texts in Mathematics},
  address =      {New York},
  note =         {ISBN 0-387-90036-5}
}
@Book{McL1971Second,
  author =       {Saunders Mac Lane},
  title =        {Categories for the Working Mathematician},
  publisher =    {Springer},
  year =         1998,
  volume =       5,
  series =       {Graduate Texts in Mathematics},
  edition =      {Second},
  note =         {ISBN 0-387-98403-8},
  annote =       {Vorhanden.}
}
@Book{MacLane1972Kategorien,
  author =       {Saunders Mac Lane},
  title =        {Kategorien: Begriffssprache und mathematische Theorie},
  publisher =    {Springer-Verlag},
  year =         1972,
  series =       {Hochschultext},
  address =      {Berlin},
  note =         {ISBN 3-540-05634-3. \"Ubersetzung von \cite{McL1971}},
  annote =       {Vorhanden.}
}

@Article{Yanofsky2003Selbstreferenzen,
  author =       {Noson S. Yanofsky},
  title =        {A universal approach to self-referential paradoxes, incompleteness and fixed points},
  journal =      {The Bulletin of Symbolic Logic},
  year =         2003,
  volume =       9,
  number =       3,
  pages =        {362-386},
  month =        {September},
  annote =       {Vorhanden. Interessant.}
}

@Book{Schubert1970KategorienI,
  author =       {Horst Schubert},
  title =        {Kategorien I},
  publisher =    {Springer-Verlag},
  year =         1970,
  series =       {Heidelberger Taschenb\"ucher},
  address =      {Berlin},
  annote =       {Vorhanden.}
}
@Book{Schubert1970KategorienII,
  author =       {Horst Schubert},
  title =        {Kategorien II},
  publisher =    {Springer-Verlag},
  year =         1970,
  series =       {Heidelberger Taschenb\"ucher},
  address =      {Berlin},
  annote =       {Vorhanden.}
}

@Book{AdamekHerrlichStrecker2004Categories,
  author =       {Ji{\v{r}}{\'{\i}} Ad{\'a}mek and Horst Herrlich and George E. Strecker},
  title =        {Abstract and Concrete Categories (The Joy of Cats)},
  publisher =    {Published under the GNU Free Documentation License},
  year =         2004,
  month =        {January},
  note =         {Available at \url{http://katmat.math.uni-bremen.de/acc}},
  annote =       {pdf-Datei vorhanden.}
}

@Book{Borceux1994Kategorien1,
  author =       {Francis Borceux},
  title =        {Handbook of Categorical Algebra 1: Basic Category Theory},
  publisher =    {Cambridge University Press},
  year =         1994,
  volume =       50,
  series =       {Encyclopedia of Mathematics and its Applications},
  note =         {ISBN 0 521 44178 1},
  annote =       {Vorhanden.}
}
@Book{Borceux1994Kategorien2,
  author =       {Francis Borceux},
  title =        {Handbook of Categorical Algebra 2: Categories and Structure},
  publisher =    {Cambridge University Press},
  year =         1994,
  volume =       51,
  series =       {Encyclopedia of Mathematics and its Applications},
  note =         {ISBN 0 521 44179 X},
  annote =       {Vorhanden.}
}
@Book{Borceux1994Kategorien3,
  author =      {Francis Borceux},
  title =        {Handbook of Categorical Algebra 3: Categories of Sheaves},
  publisher =    {Cambridge University Press},
  year =         1994,
  volume =       52,
  series =       {Encyclopedia of Mathematics and its Applications},
  note =         {ISBN 0 521 44180 3},
  annote =       {Vorhanden.}
}

@Book{Fiadeiro2005KatSoft,
  author =       {Jos{\'{e}} Luiz Fiadeiro},
  title =        {Categories for Software Engineering},
  publisher =    {Springer},
  year =         2005,
  note =         {ISBN 3-540-20909-3},
  annote =       {Vorhanden.}
}

@Book{BrinkmannPuppe1966Kategorien,
  author =       {H.B. Brinkmann and D. Puppe},
  title =        {Kategorien und Funktoren},
  publisher =    {Springer},
  year =         1966,
  volume =       18,
  series =       {Lecture Notes in Mathematics},
  address =      {Berlin},
  annote =       {Zu besorgen.}
}

@Unpublished{BarrWells1999Kategorientheorie,
  author =       {Michael Barr and Charles Wells},
  title =        {Category Theory},
  note =         {Lecture Notes for {ESSLLI}, 133 pages},
  year =         1999,
  annote =       {ps-Datei vorhanden.}
}

@Unpublished{Turi2001Kategorientheorie,
  author =       {Daniele Turi},
  title =        {Category Theory Lecture Notes},
  note =         {Laboratory for Foundations of Computer Science, University of Edinburgh, September 1996 - December 2001},
  annote =       {ps-Datei vorhanden.}
}

@Article{FreydStreet1995Kategoriengroesse,
  author =       {Peter Freyd and Ross Street},
  title =        {On the size of categories},
  journal =      {Theory and Applications of Categories},
  year =         1995,
  volume =       1,
  number =       9,
  pages =        {174-178},
  annote =       {dvi-Datei vorhanden.}
}

@Article{BednarczykBorzyszkowskiPawlowski1999EpimorphismenKat,
  author =       {Marek A. Bednarczyk and Andrzej M. Borzyszkowski and Wieslaw Pawlowski},
  title =        {Generalized congruences -- epimorphisms in $\mc{C}at$},
  journal =      {Theory and Applications of Categories},
  year =         1999,
  volume =       5,
  number =       11,
  pages =        {266-280},
  annote =       {dvi-Datei vorhanden.}
}

@Article{Pare1999FunktorenStirling,
  author =       {Robert Par{\'{e}}},
  title =        {Contravariant functors on finite sets and {S}tirling numbers},
  journal =      {Theory and Applications of Categories},
  year =         1999,
  volume =       6,
  number =       5,
  pages =        {65-76},
  annote =       {dvi-Datei vorhanden.}
}

@Article{Gaucher2001HoeherdimensionaleAutomaten,
  author =       {Philippe Gaucher},
  title =        {Combinatorics of branchings in higher dimensional automata},
  journal =      {Theory and Applications of Categories},
  year =         2001,
  volume =       8,
  number =       12,
  pages =        {324-376},
  annote =       {dvi-Datei vorhanden.}
}

@Article{BartoZima2005KatGruppenPraes,
  author =       {Libor Barto and Petr Zima},
  title =        {Every group is representable by all natural transformations of some set-functor},
  journal =      {Theory and Applications of Categories},
  year =         2005,
  volume =       14,
  number =       13,
  pages =        {294-309},
  annote =       {dvi-Datei vorhanden.}
}

@Article{Adamek2005Koalgebren,
  author =       {Ji{\v{r}}{\'{i}} Ad{\'{a}}mek},
  title =        {Introduction to coalgebra},
  journal =      {Theory and Applications of Categories},
  year =         2005,
  volume =       14,
  number =       8,
  pages =        {157-199},
  annote =       {dvi-Datei vorhanden.}
}

@InCollection{Scott1980Lambda,
  author =       {Dana Scott},
  title =        {Relating theories of the $\lambda$-calculus},
  booktitle =    {To H.B.~Curry: Essays on combinatory logic, lambda calculus and formalism},
  pages =        {403-450},
  publisher =    {Academic Press},
  year =         1980,
  editor =       {J.R. Hindley and J.P. Seldin},
  annote =       {Zu besorgen.}
}

@Book{Blyth1986Kategorien,
  author =       {Thomas S. Blyth},
  title =        {Categories},
  publisher =    {Longman},
  year =         1986,
  note =         {ISBN 0-582-98804-7 (paperback)},
  annote =       {Kopie vorhanden.}
}

@Book{LambekScott1986KategorienLogik,
  author =       {J. Lambek and P.J. Scott},
  title =        {Introduction to higher order categorical logic},
  publisher =    {Cambridge University Press},
  year =         1988,
  volume =       7,
  series =       {Cambridge studies in advanced mathematics},
  note =         {ISBN 0 521 35653 9},
  annote =       {Vorhanden.}
}

@Book{LawvereSchanuel2005ErsteKategorien,
  author =       {F. William Lawvere and Stephen H. Schanuel},
  title =        {Conceptual Mathematics: A first introduction to categories},
  publisher =    {Cambridge University Press},
  year =         1997,
  note =         {ISBN 0-521-47817-0; reprint 2005},
  annote =       {Vorhanden.}
}
@Book{LawvereSchanuel2009ErsteKategorien,
  author =       {F. William Lawvere and Stephen H. Schanuel},
  title =        {Conceptual Mathematics: A first introduction to categories},
  publisher =    {Cambridge University Press},
  year =         2009,
  edition =      {Second},
  note =         {ISBN 978-0-521-71916-2},
  annote =       {Vorhanden.}
}

@Book{Pierce1991Kategorien,
  author =       {Benjamin C. Pierce},
  title =        {Basic Category Theory for Computer Scientists},
  publisher =    {The MIT Press},
  year =         1991,
  series =       {Foundations of Computing},
  note =         {ISBN 0-262-66071-7; QA76.9.M35P54},
  annote =       {Vorhanden.}
}

@Article{EilenbergMacLane1945NatuerlicheAequivalenzen,
  author =       {Samuel Eilenberg and Saunders MacLane},
  title =        {General theory of natural equivalences},
  journal =      {Transactions of the American Mathematical Society},
  year =         1945,
  volume =       58,
  pages =        {231-294},
  annote =       {pdf-Datei und Ausdruck vorhanden.}
}

@Article{Holcombe1977Nearrings,
  author =       {M. Holcombe},
  title =        {Categorical representations of endomorphism near-rings},
  journal =      {Journal of the London Mathematical Society},
  year =         1977,
  volume =       {s2-16},
  number =       1,
  pages =        {21-37},
  annote =       {Pdf-Datei vorhanden.}
}

@Book{Awodey2006CategoryTheory,
  author =       {Steve Awodey},
  title =        {Category Theory},
  publisher =    {Oxford University Press},
  year =         2006,
  volume =       49,
  series =       {Oxford logic guides},
  note =         {ISBN 978-0-19-856861-2},
  annote =       {Vorhanden.}
}

@Book{Marquis2009CategoryTheory,
  author =       {Jean-Pierre Marquis},
  title =        {From a Geometrical Point of View: A Study of the History and Philosophy of Category Theory},
  publisher =    {Springer},
  year =         2009,
  volume =       14,
  series =       {Logic, Epistemology, and the Unity of Science},
  note =         {ISBN 978-1-4020-9383-8},
  annote =       {Vorhanden.}
}

@Book{Castellini2003CategoricalClosure,
  author =       {Gabriele Castellini},
  title =        {Categorical Closure Operators},
  publisher =    {Birkh\"auser},
  year =         2003,
  series =       {Mathematics: Theory \& Applications},
  note =         {ISBN 0-8176-4250-1},
  annote =       {Vorhanden.}
}

@Article{CarboniJohnstone1995ArtinGlueing,
  author =       {Aurelio Carboni and Peter Johnstone},
  title =        {Connected limits, familial representability and {A}rtin glueing},
  journal =      {Mathematical Structures in Computer Science},
  year =         1995,
  volume =       5,
  number =       04,
  pages =        {441-459},
  annote =       {Pdf-Datei vorhanden.}
}
@Article{CarboniJohnstone2004ArtinGlueing,
  author =       {Aurelio Carboni and Peter Johnstone},
  title =        {Corrigenda for `{C}onnected limits, familial representability and {A}rtin glueing'},
  journal =      {Mathematical Structures in Computer Science},
  year =         2004,
  volume =       14,
  number =       01,
  pages =        {185-187},
  note =         {Proposition 3.2 and Example 4.6 in \cite{CarboniJohnstone1995ArtinGlueing} are not correct.},
  annote =       {Pdf-Datei vorhanden.}
}

@InCollection{Wood2004Ordered,
  author =       {R. J. Wood},
  title =        {Ordered Sets via Adjunctions},
  booktitle =    {Categorical Foundations: Special Topics in Order, Topology, Algebra, and Sheaf Theory},
  crossref =     {PedicchioTholen2004Categorical},
  pages =        {5--47},
  chapter =      {I},
  annote =       {Pdf vorhanden.}
}
@InCollection{PicadoPultrTozzi2004Locales,
  author =       {Jorge Picado and Ale{\v{s}} Pultr and Anna Tozzi},
  title =        {Locales},
  booktitle =    {Categorical Foundations: Special Topics in Order, Topology, Algebra, and Sheaf Theory},
  crossref =     {PedicchioTholen2004Categorical},
  pages =        {49--101},
  chapter =      {II},
  annote =       {Pdf vorhanden.}
}
@InCollection{ClementinoGiuliTholen2004Functional,
  author =       {Maria Manuel Clementino and Eraldo Giuli and Walter Tholen},
  title =        {A Functional Approach to General Topology},
  booktitle =    {Categorical Foundations: Special Topics in Order, Topology, Algebra, and Sheaf Theory},
  crossref =     {PedicchioTholen2004Categorical},
  pages =        {103--163},
  chapter =      {III},
  annote =       {Pdf vorhanden.}
}
@InCollection{BournGran2004Abelian,
  author =       {Dominique Bourn and Marino Gran},
  title =        {Regular, Protomodular and Abelian Categories},
  booktitle =    {Categorical Foundations: Special Topics in Order, Topology, Algebra, and Sheaf Theory},
  crossref =     {PedicchioTholen2004Categorical},
  pages =        {165--211},
  chapter =      {IV},
  annote =       {Pdf vorhanden.}
}
@InCollection{MacDonaldSobral2004Monads,
  author =       {John MacDonald and Manuela Sobral},
  title =        {Aspects of Monads},
  booktitle =    {Categorical Foundations: Special Topics in Order, Topology, Algebra, and Sheaf Theory},
  crossref =     {PedicchioTholen2004Categorical},
  pages =        {213--268},
  chapter =      {V},
  annote =       {Pdf vorhanden.}
}
@InCollection{PedicchioRovatti2004Algebraic,
  author =       {Maria Cristina Pedicchio and Fabrizio Rovatti},
  title =        {Algebraic Categories},
  booktitle =    {Categorical Foundations: Special Topics in Order, Topology, Algebra, and Sheaf Theory},
  crossref =     {PedicchioTholen2004Categorical},
  pages =        {269--309},
  chapter =      {VI},
  annote =       {Pdf vorhanden.}
}
@InCollection{CentazzoVitale2004Sheaf,
  author =       {Claudia Centazzo and Enrico M. Vitale},
  title =        {Sheaf Theory},
  booktitle =    {Categorical Foundations: Special Topics in Order, Topology, Algebra, and Sheaf Theory},
  crossref =     {PedicchioTholen2004Categorical},
  pages =        {311--357},
  chapter =      {VII},
  annote =       {Pdf vorhanden.}
}
@InCollection{JanelidzeSobralTholen2004Epimorphism,
  author =       {George Janelidze and Manuela Sobral and Walter Tholen},
  title =        {Beyond {B}arr Exactness: Effective Descent Morphisms},
  booktitle =    {Categorical Foundations: Special Topics in Order, Topology, Algebra, and Sheaf Theory},
  crossref =     {PedicchioTholen2004Categorical},
  pages =        {359--405},
  chapter =      {VIII},
  annote =       {Pdf vorhanden.}
}
@Book{PedicchioTholen2004Categorical,
  editor =       {Maria Cristina Pedicchio and Walter Tholen},
  title =        {Categorical Foundations: Special Topics in Order, Topology, Algebra, and Sheaf Theory},
  booktitle =    {Categorical Foundations: Special Topics in Order, Topology, Algebra, and Sheaf Theory},
  publisher =    {Cambridge University Press},
  year =         2004,
  volume =       97,
  series =       {Encyclopedia of Mathematics and Its Applications},
  isbn =         9780521834148,
  annote =       {Vorhanden.}
}


% %%%%%%%%%%%%%%%%%%%%%%%%%%%%%%%%%%%%%%%%%%%%%%%%%%%%%%%%%%%%%%%%%%
% % Topostheorie und Garbentheorie (Topos theory and sheaf theory) %
% %%%%%%%%%%%%%%%%%%%%%%%%%%%%%%%%%%%%%%%%%%%%%%%%%%%%%%%%%%%%%%%%%%

@Book{MacLaneMoerdijk1992Topoi,
  author =       {Saunders Mac Lane and Ieke Moerdijk},
  title =        {Sheaves in Geometry and Logic: A First Introduction to Topos Theory},
  publisher =    {Springer},
  year =         1992,
  series =       {Universitext},
  note =         {ISBN 0-387-97710-4; QA169.M335},
  annote =       {Vorhanden.}
}

@Book{Johnstone2002Topos1,
  author =       {Peter T. Johnstone},
  title =        {Sketches of an Elephant: A Topos Theory Compendium (Volume 1)},
  publisher =    {Oxford University Press},
  year =         2002,
  volume =       43,
  series =       {Oxford Logic Guides},
  note =         {ISBN 0-19-853425-6},
  annote =       {Vorhanden.}
}
@Book{Johnstone2002Topos2,
  author =       {Peter T. Johnstone},
  title =        {Sketches of an Elephant: A Topos Theory Compendium (Volume 2)},
  publisher =    {Oxford University Press},
  year =         2002,
  volume =       44,
  series =       {Oxford Logic Guides},
  note =         {ISBN 0-19-851598-7},
  annote =       {Vorhanden.}
}

@Book{Goldblatt2006Toposlogik,
  author =       {Robert Goldblatt},
  title =        {Topoi: The categorial analysis of logic},
  publisher =    {Dover Publications, Inc.},
  year =         2006,
  note =         {ISBN 0-486-45026-0; slightly corrected unabridged republication of the revised (second) edition originally published in 1984},
  annote =       {Vorhanden.}
}

@Book{KashiwaraSchapira2006Sheaves,
  author =       {Masaki Kashiwara and Pierre Schapira},
  title =        {Categories and Sheaves},
  publisher =    {Springer},
  year =         2006,
  volume =       332,
  series =       {Grundlehren der mathematischen Wissenschaften},
  note =         {ISBN-10 3-540-27949-0},
  annote =       {Vorhanden.}
}
@Unpublished{Schapira2013Errata,
  author =       {Pierre Schapira},
  title =        {Errata},
  note =         {Available from the author's homepage},
  month =        {April},
  year =         2013,
  annote =       {Pdf-Datei vorhanden.}
}
@Unpublished{Gaillard2013Remarks,
  author =       {Peirre-Yves Gaillard},
  title =        {About \textit{Categories and Sheaves}},
  note =         {Available from the author's homepage},
  month =        {September},
  year =         2013,
  annote =       {Pdf-Datei vorhanden.}
}

@Book{Johnstone1977Topoi,
  author =       {P.T. Johnstone},
  title =        {Topos theory},
  publisher =    {Dover Publications, Inc.},
  year =         2014,
  note =         {Unabridged republication of the work originally published by Academic Press in 1977},
  annote =       {Vorhanden.}
}

