% Oliver Kullmann, 1.4.2006 (Swansea)

@Book{HellNesetril2004Graphhomomorphismen,
  author =       {Pavol Hell and Jaroslav Ne{\v{s}}et{\v{r}}il},
  title =        {Graphs and Homomorphisms},
  publisher =    {Oxford University Press},
  year =         2004,
  note =         {ISBN 0 19 852817 5},
  annote =       {Vorhanden.}
}

@Article{Hell1979IntroCatGr,
  author =       {Pavol Hell},
  title =        {An introduction to the category of graphs},
  journal =      {Annals of the New York Academy of Sciences},
  year =         1979,
  volume =       328,
  pages =        {120-136},
  note =         {Topics in graph theory (New York, 1977)},
  annote =       {Kopie vorhanden.}
}

@Book{PultrTrnkov1980KombinatorikKategorien,
  author =       {A. Pultr and V. Trnkov{\'{a}}},
  title =        {Combinatorial, Algebraic and Topological Representations of Groups, Semigroups and Categories},
  publisher =    {North-Holland},
  year =         1980,
  annote =       {Besorgen.}
}

@Article{DoerflerWallerHypergraphsCategory,
  author =       {W. D{\"{o}}rfler and D. A. Waller},
  title =        {A category-theoretical approach to hypergraphs},
  journal =      {Archiv der Mathematik},
  year =         1980,
  volume =       34,
  number =       1,
  pages =        {185-192},
  annote =       {Zu besorgen; \url{http://www.springerlink.com/content/gu81v7288v409420/}.}
}

