% Oliver Kullmann, 14.3.2004 (Swansea)

@Book{Kung1995UeberRotaKombinatorik,
  editor =	 {Joseph P.S. Kung},
  title = 	 {Gian-Carlo Rota on Combinatorics},
  publisher = 	 {Birkh{\"{a}}user},
  year = 	 1995,
  address =	 {Boston},
  note =	 {ISBN 0-8176-3713-3; QA3.R73 1995},
  annote =	 {Vorhanden.}
}

@Book{CrapoSenato2001Rota,
  editor =	 {H. Crapo and D. Senato},
  title = 	 {Algebraic Combinatorics and Computer Science: A Tribute to Gian-Carlo Rota},
  publisher = 	 {Springer},
  year = 	 2001,
  address =	 {Milano},
  note =	 {ISBN 88-470-0078-5},
  annote =	 {Vorhanden.}
}

@Book{GrahamGroetschelLovasz1995Handbuch1,
  editor =	 {Ronald L. Graham and Martin Gr{\"o}tschel and L{\'a}szl{\'o} Lov{\'a}sz},
  title = 	 {Handbook of Combinatorics, Volume 1},
  publisher = 	 {North-Holland},
  year = 	 1995,
  address =	 {Amsterdam},
  note =	 {ISBN 0-444-82346-8},
  annote = 	 {Vorhanden, auch als Pdf-Scan.}
}
@Book{GrahamGroetschelLovasz1995Handbuch2,
  editor =	 {Ronald L. Graham and Martin Gr{\"o}tschel and L{\'a}szl{\'o} Lov{\'a}sz},
  title = 	 {Handbook of Combinatorics, Volume 2},
  publisher = 	 {North-Holland},
  year = 	 1995,
  address =	 {Amsterdam},
  note =	 {ISBN 0-444-82351-4},
  annote = 	 {Vorhanden, auch als Pdf-Scan.}
}

@Proceedings{ACID2005,
  title =        {Algorithms and Complexity in Durham 2005},
  year =         2005,
  editor =       {Hajo Broersma and Matthew Johnson and Stefan Szeider},
  volume =       4,
  series =       {Texts in Algorithms},
  publisher =    {Kings College London Publications},
  annote =       {Vorhanden.}
}

@Book{DinitzStinson1992DesignUebersichten,
  editor =       {Jeffrey H. Dinitz and Douglas R. Stinson},
  title =        {Contemporary Design Theory: A Collection of Surveys},
  publisher =    {John Wiley \& Sons, Inc.},
  year =         1992,
  series =       {Wiley-Interscience series in discrete mathematics and optimization},
  address =      {New York},
  note =         {ISBN 0-471-53141-3; QA166.25.C67},
  annote =       {Vorhanden.}
}

@Book{GutinPunnen2007TSP,
  editor =       {Gregory Gutin and Abraham P. Punnen},
  title =        {The Traveling Salesman Problem and Its Variations},
  publisher =    {Springer},
  year =         2007,
  volume =       12,
  series =       {Combinatorial Optimization},
  note =         {ISBN 978-0-387-44459-8},
  annote =       {Vorhanden.}
}

@Book{NesetrilRoedl1990Ramsey,
  editor =       {Jaroslav Ne{\v{s}}et{\v{r}}il and Vojt{\v{e}}ch R{\"o}dl},
  title =        {Mathematics of Ramsey Theory},
  publisher =    {Springer-Verlag},
  year =         1990,
  volume =       5,
  series =       {Algorithms and Combinatorics},
  note =         {ISBN 3-540-18191-1},
  annote =       {Vorhanden.}
}

@Book{SurveysCombinatorics2005,
  editor =       {Bridget S. Webb},
  title =        {Surveys in Combinatorics, 2005},
  publisher =    {Cambridge University Press},
  year =         2005,
  volume =       327,
  series =       {London Mathematical Society Lecture Note Series},
  note =         {ISBN-13 978-0-521-61523-2},
  annote =       {Vorhanden.}
}

@Book{GeroldingerRuzsa2009Additive,
  author =       {Alfred Geroldinger and Imre Z. Ruzsa},
  title =        {Combinatorial Number Theory and Additive Group Theory},
  publisher =    {Birkh\"auser},
  year =         2009,
  series =       {Advanced Courses in Mathematics CRM Barcelona},
  note =         {ISBN 978-3-7643-8961-1},
  annote =       {Vorhanden.}
}

