@Book{Ko1994,
  author =	 {Neal Koblitz},
  title = 	 {A Course in Number Theory and Cryptography},
  publisher = 	 {Springer-Verlag},
  year = 	 1994,
  volume =	 114,
  series =	 {Graduate Texts in Mathematics},
  address =	 {New York},
  edition =	 {2nd},
  annote =	 {Vorhanden. Siehe Besprechung in "NumberCrypto" im Ordner "Genauer".}
}

@Book{Sch1996,
  author =	 {Bruce Schneier},
  title = 	 {Applied Cryptography: Protocols, Algorithms, and Source Code in {C}},
  publisher = 	 {John Wiley \& Sons, Inc.},
  year = 	 1996,
  address =	 {New York},
  edition =	 {Second},
  note =	 {ISBN 0-471-12845-7, QA76.9.A25S35},
  annote =	 {Vorhanden.}
}


@Book{We2001,
  author =	 {Michael Welschenbach},
  title = 	 {Cryptography in {C} and {C++}},
  publisher = 	 {Apress (Springer-Verlag)},
  year = 	 2001,
  note =         {ISBN 1-893115-95-X},
  annote =	 {Vorhanden.}
}

@Book{TalbotWelsh2006ComplexityCryptographyIntroduction,
  author =       {John Talbot and Dominic Welsh},
  title =        {Complexity and Cryptography: An Introduction},
  publisher =    {Cambridge University Press},
  year =         2006,
  note =         {ISBN 0-521-61771-5},
  annote =       {Vorhanden.}
}

@Book{Goldreich2004FoundationsII,
  author =       {Oded Goldreich},
  title =        {Foundations of Cryptography: Volume II Basic Applications},
  publisher =    {Cambridge University Press},
  year =         2004,
  note =         {ISBN 0 521 83084 2},
  annote =       {Vorhanden.}
}


@Book{MenezesOorschotVanstone1997KryptoHandbuch,
  author =       {Alfred J. Menezes and Paul C. van Oorschot and Scott A. Vanstone},
  title =        {Handbook of Applied Crytography},
  publisher =    {CRC Press},
  year =         1997,
  series =       {Discrete Mathematics and Its Applications},
  edition =      {5th printing 2001},
  note =         {ISBN 0-8493-8523-7},
  annote =       {Vorhanden.}
}

@InProceedings{PotlapallyRaviJhaLee2006SATDES,
  author =       {Nachiketh R. Potlapally and Anand Raghunathan and Srivaths Ravi and Niraj K. Jha and Ruby B. Lee},
  title =        {Satisfiability-based framework for enabling side-channel attacks on cryptographic software},
  booktitle =    {Proceedings IEEE Design Automation and Test in Europe (DATE) Designers Forum},
  pages =        {18-23},
  year =         2006,
  annote =       {Pdf-Datei vorhanden.}
}


% %%%%%%%
% % AES %
% %%%%%%%

@Manual{DR1999,
  title = 	 {AES Proposal: Rijndael},
  author =	 {Joan Daemen and Vincent Rijmen},
  month =	 {September},
  year =	 1999,
  note =	 {Document Version 2},
  annote =	 {pdf-Datei vorhanden.}
}

@Misc{Gl2002,
  author =	 {Brian Gladman},
  title =	 {Implementation of the {A}dvanced {E}ncryption {S}tandard ({AES}) in the programming languages {C} and {C++}},
  howpublished = {The source code of this implementation can be downloaded from the Internet site \url{http://fp.gladman.plus.com/cryptography_technology/rijndael/index.htm}},
  month =	 {February},
  year =	 2002,
  annote =	 {Keine Versions-Nummern.}
}

% war DR2001
@Book{DaemenRijmen2001Rijndael,
  author =	 {Joan Daemen and Vincent Rijmen},
  title = 	 {The Design of Rijndael},
  publisher = 	 {Springer},
  year = 	 2001,
  address =	 {Berlin},
  note =	 {ISBN 3-540-42580-2; QA76.9.A25 D32 2001},
  annote =	 {Vorhanden. Siehe Besprechung in "Rijndael" im Ordner "Genauer".}
}

@InProceedings{FergusonSchroeppelWhiting2001AESEinfach,
  author =       {Niels Ferguson and Richard Schroeppel and Doug Whiting},
  title =        {A simple algebraic representation of {R}ijndael},
  booktitle =    {Selected Areas in Cryptography (SAC 2001)},
  pages =        {103-111},
  year =         2001,
  editor =       {S. Vaudenay and A. Youssef},
  volume =       2259,
  series =       {Lecture Notes in Computer Science},
  publisher =    {Springer},
  annote =       {pdf-Datei vorhanden.}
}

@InCollection{Cid2004AESAlg,
  author =       {Carlos Cid},
  title =        {Some Algebraic Aspects of the Advanced Encryption Standard},
  booktitle =    {Advanced Encryption Standard -- AES 2004},
  pages =        {58-66},
  publisher =    {Springer},
  year =         2005,
  editor =       {H. Dobbertin and V. Rijmen and A. Sowa},
  volume =       3373,
  series =       {Lecture Notes in Computer Science (LNCS)},
  annote =       {Pdf-Datei vorhanden.}
}

@InCollection{ToliZanoni2004AESAlg,
  author =       {Illia Toli and Alberto Zanoni},
  title =        {An Algebraic Interpretation of {AES}-128},
  booktitle =    {Advanced Encryption Standard -- AES 2004},
  pages =        {84-97},
  publisher =    {Springer},
  year =         2005,
  editor =       {H. Dobbertin and V. Rijmen and A. Sowa},
  volume =       3373,
  series =       {Lecture Notes in Computer Science (LNCS)},
  annote =       {Pdf-Datei vorhanden.}
}

@InCollection{Courtois2004AESAlg,
  author =       {Nicolas T. Courtois},
  title =        {General Principles of Algebraic Attacks and New Design Criteria for Cipher Components},
  booktitle =    {Advanced Encryption Standard -- AES 2004},
  pages =        {67-83},
  publisher =    {Springer},
  year =         2005,
  editor =       {H. Dobbertin and V. Rijmen and A. Sowa},
  volume =       3373,
  series =       {Lecture Notes in Computer Science (LNCS)},
  annote =       {Pdf-Datei vorhanden.}
}

@Book{CidMurphyRobshaw2006AlgebraischAES,
  author =       {Carlos Cid and Sean Murphy and Matthew Robshaw},
  title =        {Algebraic Aspects of the Advanced Encryption Standard},
  publisher =    {Springer},
  year =         2006,
  note =         {ISBN-10 0-387-24363-1},
  annote =       {Vorhanden.}
}

@Book{Bard2009AlgebraicCryptanalysis,
  author =       {Gregory V. Bard},
  title =        {Algebraic Cryptanalysis},
  publisher =    {Springer},
  year =         2009,
  note =         {ISBN 978-0-387-88756-2},
  annote =       {Buch vorhanden, und auch als Archiv von Pdf-Dateien.}
}

