@InProceedings{AA98,
  author =       "Erling D. Andersen and Knud D. Andersen",
  title =        "The {XPRESS} interior point optimizer for linear
                  programming: an implementation of the homogeneous
                  algorithm",
  editor =       "J. B. G. Frenk and C. Roos and T. Terlaky and S. Zhang",
  booktitle =    "High Performance Optimization Techniques,
                  Proceedings of the {HPOPT-II} conference",
  year =         1997,
  annote =       "Es wird eine Implementation eines ``Optimierers'',
                  basierend auf dem sog. ``homogenen
                  Interior-Point-Algorithmus'' vorgestellt, besonders
                  angepasst in Hinsicht auf grosse, duenn besetzte
                  Probleme.
                  Mittels dieser Methode kann, anders als bei beim
                  sog. ``Primal-Dual-Algorithmus'' auch der Fall der
                  Unloesbarkeit sowie der Fall der unbeschraenkten
                  Loesbarkeit behandelt werden.
                  Erlings Algorithmus fuer die Suche nach linearen
                  Autarkien ist eine Spezialisierung dieses Algorithmus'."
}

@Book{Sch86,
  author =       {Alexander Schrijver},
  title =        {Theory of linear and integer programming},
  publisher =    {John Wiley \& Sons},
  year =         1986,
  address =      {Chichester},
  note =         {ISBN 0 471 98232 6},
  annote =       {Vorhanden. Siehe Bearbeitung in "LinIntProg" im Ordner "Genauer".}
}

@Article{Go73,
  author =       {P. Gordan},
  title =        {{U}eber die {A}ufl{\"{o}}sung linearer {G}leichungen mit reellen {C}oeffizienten},
  journal =      {Mathematische Annalen},
  year =         1873,
  volume =       6,
  pages =        {23--28},
  annote =       {Wird in \cite{Sch86} auf S. 95 zitiert.}
}


@Book{GLS1988,
  author =       {Martin Gr{\"o}tschel and L{\'a}szl{\'o} Lov{\'a}sz and Alexander Schrijver},
  title =        {Geometric Algorithms and Combinatorial Optimization},
  publisher =    {Springer-Verlag},
  year =         1988,
  volume =       2,
  series =       {Algorithms and Combinatorics},
  annote =       {UofT, Eng. Lib.: QA 167 G76 1988
Kap. 0: Mathematical Preliminaries
Kap. 1: Complexity, Orcacles, and Numerical Computation
Kap. 2: Algorithmic Aspects of Conves Sets: Formulation of the Problems
Kap. 3: The Ellipsoid Method
Kap. 4: Algorithms for Convex Bodies
Kap. 5: Diophantine Approximation and Basis Reduction
Kap. 6: Rational Polyhedra
Kap. 7: Combinatorial Optimization: Some Basic Examples
Kap. 8: Combinatorial Optimization: A Tour d'Horizon
Kap. 9: Stable Sets in Graphs
Kap. 10: Submodular Functions
}
}

@Book{LLKS1985,
  ALTauthor =    {},
  ALTeditor =    {E.L. Lawler and J.K. Lenstra and A.H.G. Rinnooy Kan and D.B. Shmoys},
  title =        {The Traveling Salesman Problem},
  publisher =    {John Wiley & Sons},
  year =         {1985},
  OPTkey =       {},
  OPTvolume =    {},
  OPTnumber =    {},
  OPTseries =    {},
  OPTaddress =   {Chichester},
  OPTedition =   {},
  OPTmonth =     {},
  OPTnote =      {ISBN 0 471 90413 9, QA164.T73},
  OPTannote =    {}
}

@Article{GertzWright2003QuadraticProgramming,
  author =       {E. Michael Gertz and Stephen J. Wright},
  title =        {Object-Oriented Software for Quadratic Programming},
  journal =      {ACM Transactions on Mathematical Software},
  year =         2003,
  volume =       29,
  number =       1,
  pages =        {58--81},
  month =        {March},
  annote =       {Internet-Seite: \url{www.cs.wisc.edu/~swright/ooqp}.}
}

@InCollection{Reed2001GentleSDP,
  author =       {Bruce A. Reed},
  title =        {A Gentle Introduction to Semi-definite Programming},
  booktitle =    {Perfect Graphs},
  crossref =     {AlfonsinReed2001PerfekteGraphen},
  pages =        {233--259}
}

@Book{Vanderbei2001LineareProgrammierung,
  author =       {Robert J. Vanderbei},
  title =        {Linear Programming: Foundations and Extensions},
  publisher =    {Kluwer Academic Publishers},
  year =         2001,
  edition =      {Second},
  note =         {ISBN 0-7923-7342-1},
  annote =       {Vorhanden.}
}

@Article{RienerTheobald2008PositivePolynome,
  author =       {Cordian Riener and Thorsten Theobald},
  title =        {Positive {P}olynome und semidefinite {O}ptimierung},
  journal =      {Jahresbericht der Deutschen Mathematiker-Vereinigung},
  year =         2008,
  volume =       110,
  number =       2,
  pages =        {57--74},
  annote =       {Zeitschrift vorhanden.}
}

@Book{Williams2009LogicIntegerProgramming,
  author =       {H. Paul Williams},
  title =        {Logic and Integer Programming},
  publisher =    {Springer},
  year =         2009,
  series =       {International Series in Operations Research and Management Science},
  note =         {ISBN 978-0-387-92279-9},
  annote =       {Vorhanden.}
}
