@Book{BS95,
  author =       {Richard A. Brualdi and Bryan L. Shader},
  title =        {Matrices of sign-solvable linear systems},
  publisher =    {Cambridge University Press},
  year =         {1995},
  volume =       {116},
  series =       {Cambridge Tracts in Mathematics},
  note =         {ISBN 0-521-48296-8},
  doi =          {10.1017/CBO9780511574733},
  annote =       {Vorhanden.}
}

@Book{BR91,
  author =       {Richard A. Brualdi and Herbert J. Ryser},
  title =        {Combinatorial Matrix Theory},
  publisher =    {Cambridge University Press},
  year =         1991,
  volume =       39,
  series =       {Encyclopedia of Mathematics and its Applications},
  note =         {ISBN 0-521-32265-0; QA188.B78 1991},
  annote =       {Vorhanden.}
}
@Book{BR91kurz,
  author =       {Richard A. Brualdi and Herbert J. Ryser},
  title =        {Combinatorial Matrix Theory},
  publisher =    {Cambridge University Press},
  year =         1991
}

@Article{LS1998,
  author =       {Gwang-Yeon Lee and Bryan L. Shader},
  title =        {Sign-consistency and solvability of constrained linear systems},
  journal =      {The Electronic Journal of Linear Algebra},
  year =         1998,
  volume =       4,
  pages =        {1--18},
  month =        {August},
  url =          {http://emis.matem.unam.mx/journals/ELA/ela-articles/4.html},
  annote =       {Vorhanden (als ps-Datei). Siehe Besprechung in "KombMatrix" im Ordner "Genauer".}
}

@Article{HRS1998,
  author =       {Roger A. Horn and Noah H. Rhee and Wasin So},
  title =        {Eigenvalue Inequalities and Equalities},
  journal =      {Linear Algebra and its Applications},
  year =         1998,
  volume =       270,
  pages =        {29--44},
  annote =       {pdf-Datei vorhanden. Siehe Besprechung in "KombMatrix" im Ordner "Genauer".}
}

@Book{HornJohnson1985Matrix,
  author =       {Roger A. Horn and Charles R. Johnson},
  title =        {Matrix analysis},
  publisher =    {Cambridge University Press},
  year =         1990,
  edition =      {First paperback},
  note =         {0-521-38632-2; QA188.H66 1985},
  annote =       {Vorhanden.}
}

@Book{HornJohnson1991Matrix,
  author =       {Roger A. Horn and Charles R. Johnson},
  title =        {Topics in Matrix Analysis},
  publisher =    {Cambridge University Press},
  year =         1994,
  edition =      {First paperback},
  note =         {ISBN 0-521-46713-6},
  annote =       {Vorhanden.}
}

@Book{BermanPlemmons1994NonnegativeMatrices,
  author =       {Abraham Berman and Robert J. Plemmons},
  title =        {Nonnegative Matrices in the Mathematical Sciences},
  publisher =    {Society for Industrial and Applied Mathematics (SIAM)},
  year =         1994,
  note =         {ISBN 0-89871-321-8; QA188.B47 1994; vorhanden in Swansea; originally published by Academic Press, 1979},
  annote =       {Kapitel:
1. Matrices which leave a cone invariant
2. Nonnegative matrices
3. Semigroups of nonnegative matrices
4. Symmetric nonnegative matrices
5. Generalised inverse-positivity
6. M-matrices
7. Iterative methods for linear systems
8. Finite Markov chains
9. Input-output analysis in economics
10. The linear complementarity problem
11. Supplement
Kapitel 1-4 wohl ganz interessant, und Kapitel 8 recht innovativ.
}
}

@Book{Serre2002Matrizen,
  author =       {Denis Serre},
  title =        {Matrices: Theory and Applications},
  publisher =    {Springer},
  year =         2002,
  volume =       216,
  series =       {Graduate Texts in Mathematics},
  address =      {New York},
  note =         {ISBN 0-387-95460-0; QA188 .S4713 2002},
  annote =       {Vorhanden.}
}

@Article{Datta1999StabilityInertia,
  author =       {Biswa Nath Datta},
  title =        {Stability and inertia},
  journal =      {Linear Algebra and its Applications},
  year =         1999,
  volume =       {302-303},
  pages =        {563--600},
  annote =       {pdf-Datei vorhanden.}
}

@Article{ShaoGao2003DiagVorzMuster,
  author =       {Yanling Shao and Yubin Gao},
  title =        {Sign patterns that allow diagonalizability},
  journal =      {Linear Algebra and its Applications},
  year =         2003,
  volume =       359,
  pages =        {113--119},
  annote =       {pdf-Datei vorhanden.}
}

@Article{Shader2003VorgezeichneteLoesungen,
  author =       {Bryan L. Shader},
  title =        {Set-systems with signed solutions},
  journal =      {Linear Algebra and its Applications},
  year =         2003,
  volume =       361,
  pages =        {121--132},
  annote =       {pdf-Datei vorhanden.}
}

@Article{KimShader2002VorgezeichneteNullraeume,
  author =       {Si-Ju Kim and Bryan L. Shader},
  title =        {On matrices which have signed null-spaces},
  journal =      {Linear Algebra and its Applications},
  year =         2002,
  volume =       353,
  pages =        {245--255},
  annote =       {pdf-Datei vorhanden.}
}

@Article{Thomassen1986GeradeKreise,
  author =       {Carsten Thomassen},
  title =        {Sign-nonsingular matrices and even cycles in directed graphs},
  journal =      {Linear Algebra and its Applications},
  year =         1986,
  volume =       75,
  pages =        {27--41},
  annote =       {Pdf-Datei vorhanden.}
}

@Book{Brualdi2006MatrixClasses,
  author =       {Richard A. Brualdi},
  title =        {Combinatorial Matrix Classes},
  publisher =    {Cambridge University Press},
  year =         2006,
  volume =       108,
  series =       {Encyclopedia of Mathematics and its Applications},
  note =         {ISBN 0-521-86565-4},
  annote =       {Vorhanden.}
}

@Book{BrualdiCvetkovic2009Matrices,
  author =       {Richard A. Brualdi and Drago{\u{s}} Cvetkovi{\'c}},
  title =        {A Combinatorial Approach to Matrix Theory and Its Applications},
  publisher =    {CRC Press},
  year =         2009,
  volume =       52,
  series =       {Discrete Mathematics and Its Applications},
  note =         {ISBN-13 978-1-4200-8223-4},
  annote =       {Vorhanden.}
}

@Article{KLM1984,
  author =       {Victor Klee and Richard Ladner and Rachel Manber},
  title =        {Signsolvability revisited},
  journal =      {Linear Algebra and its Applications},
  year =         1984,
  volume =       59,
  pages =        {131--157},
  month =        {June},
  doi =          {10.1016/0024-3795(84)90164-2},
  annote =       {Pdf vorhanden.}
}

@TechReport{KleeLadner1980WeakSAT,
  author =       {Victor Klee and Richard Ladner},
  title =        {Qualitative matrices: Strong Sign-Solvability and Weak Satisfiability},
  institution =  {Department of Mathematics, University of Washington, Seattle, Washington},
  year =         1980,
  number =       {TR-80-05-01, No.\ 69},
  month =        {May},
  url =          {http://oai.dtic.mil/oai/oai?verb=getRecord&metadataPrefix=html&identifier=ADA087686},
  annote =       {Pdf vorhanden.}
}
@InProceedings{KleeLadner1981WeakSAT,
  author =       {Victor Klee and Richard Ladner},
  title =        {Qualitative matrices: Strong sign-solvability and weak satisfiability},
  booktitle =    {Computer-Assisted Analysis and Model Simplification},
  pages =        {293--320},
  year =         1981,
  editor =       {Harvey J. Greenberg and John S. Maybee},
  note =         {Proceedings of the First Symposium on Computer-Assisted Analysis and Model Simplification, University of Colorado, Boulder, Colorado, March 28, 1980},
  doi =          {10.1016/B978-0-12-299680-1.50022-7},
  annote =       {Zu besorgen; aber wohl identisch mit \cite{KleeLadner1980WeakSAT}. Auch der Konferenzband http://www.sciencedirect.com/science/book/9780122996801 enthaelt noch Verschiedenes.}
}

@Book{Samuelson1947Foundations,
 author =        {Paul A. Samuelson},
 title =         {Foundations of Economic Analysis},
 publisher =     {Harvard University Press},
 year =          {1947}
}

@Article{Gorman1964QualitativeEconomics,
  author =       {W.M. Gorman},
  title =        {More Scope for Qualitative Economics},
  journal =      {The Review of Economics Studies},
  year =         1964,
  volume =       31,
  number =       1,
  pages =        {65--68},
  month =        {January},
  url =          {http://www.jstor.org/pss/2295936},
  annote =       {Zu besorgen.}
}

@Article{Klee1987RecursiveStructure,
  author =       {Victor Klee},
  title =        {Recursive Structure of ${S}$-Matrices and an ${O}(m^2)$ Algorithm for Recognizing Strong Sign Solvability},
  journal =      {Linear Algebra and its Applications},
  year =         1987,
  volume =       96,
  pages =        {233--247},
  month =        {November},
  doi =          {10.1016/0024-3795(87)90347-8}
}

