@Book{Ai76,
  author =       {Martin Aigner},
  title =        {Kombinatorik; Teil II: Matroide und Transversaltheorie},
  publisher =    {Springer-Verlag},
  year =         1976,
  annote = {In eigenem Besitz. 3 Kapitel:
VI Matroide: Grundbegriffe
VII Matroide: Koordinatisierung und Invarianten
VIII Transversaltheorie
}
}

@Book{BK92,
  author =       {Achim Bachem and Walter Kern},
  title =        {Linear Programming Duality: An Introduction to Oriented Matroids},
  publisher =    {Springer-Verlag},
  year =         1992,
  series =       {Universitext},
  address =      {Berlin},
  note =         {ISBN 3-540-55417-3; QA166.6.B33 1992},
  annote =       {Eigener Besitz. Siehe Bearbeitung in "LinProgrDual" im Ordner "Genauer".}
}

@Book{BLSWZ93,
  author =       "Anders Bj{\"o}rner and Michel Las Vergnas and Bernd Sturmfels and Neil White and G{\"u}nter M.~Ziegler",
  title =        "Oriented Matroids",
  publisher =    "Cambridge University Press",
  year =         1993,
  volume =       46,
  series =       "Encyclopedia of Mathematics",
  note =         {ISBN 0 521 41836 4},
  annote =       "Vorhanden. Wichtig"
}

@Article{BM72,
  author =       {Richard A. Brualdi and John H. Mason},
  title =        {Transversal Matroids and {H}all's Theorem},
  journal =      {Pacific Journal of Mathematics},
  year =         1972,
  volume =       41,
  number =       3,
  pages =        {601-613},
  annote =       {Vorhanden. Siehe Bearbeitung in "Matroid-Artikel" im Ordner "Genauer".}
}

@Article{BS68,
  author =       {Richard A. Brualdi and E. B. Scrimger},
  title =        {Exchange systems, matchings and transversals},
  journal =      {Journal of Combinatorial Theory},
  year =         {1968},
  OPTkey =       {},
  OPTvolume =    {5},
  OPTnumber =    {},
  OPTpages =     {244-257},
  OPTmonth =     {},
  OPTnote =      {},
  OPTannote =    {}
}

@InCollection{Br87,
  author =       {Richard A. Brualdi},
  title =        {Transversal Matroids},
  booktitle =    {Combinatorial Geometries},
  crossref =     {Wh87},
  pages =        {72-97},
  chapter =      5
}

@Booklet{CR68,
  title =        {On the Foundations of Combinatorial Theory: Combinatorial Geometries},
  OPTkey =       {},
  OPTauthor =    {Henry H. Crapo and Gian-Carlo Rota},
  OPThowpublished = {},
  OPTaddress =   {},
  OPTmonth =     {},
  OPTyear =      {1968},
  OPTnote =      {},
  OPTannote =    {University of Toronto, Department of Mathematics Library
Kapitel 1: Introduction
Kapitel 2: Geometries and Geometric Lattices
Kapitel 3: Six Classical Examples
(1) Small geometries
(2) Chain groups (ueber komm. Integritaetsbereich)
(3) Function spaces (bzgl. einer "subtractive algebra")
(4) Algebraic dependence
(5) Covering
(6) Wille Geometries
(7) Simplicial geometries
Kapitel 4: Span, Bases, Bonds, Dependence and Circuits
Kapitel 5: Cryptomorphic Versions of Geometry
Kapitel 6: Simplicial Geometries
Kapitel 7: Semimodular Functions
Kapitel 8: A Glimpse of Matching Theory
Kapitel 9: Maps
Kapitel 10: The Extension Theorem
Kapitel 11: Orthogonality
Kapitel 12: Factorization of Relatively Complemented Lattices
Kapitel 13: Factorization of Geometries
Kapitel 14: Connected Sets
Kapitel 15: Representation
Kapitel 16: The Critical Problem
Kapitel 17: Bibiliography
}
}

@Book{Kun86,
  author =       {Joseph P.S. Kung},
  title =        {A Source Book in Matroid Theory},
  publisher =    {Birkk{\"{a}}user},
  year =         1986,
  annote =       {Schoenes Buch. (UofT: Gerstein, QA 166 .6 K86) Mit Kommentaren.
Kapitel 1: Origins and basic concepts
\cite{Wh35}
Kapitel 2: Linear representations of matroids
Kapitel 3: Enumerations in geometric lattices
Kapitel 4: The Tutte decomposition
Kapitel 5: Recent advances}
}

@Proceedings{LR85,
  title =        {Matroid Theory},
  year =         1985,
  editor =       {L{\'{a}}szl{\'{o}} Lov{\'{a}}sz and Andr{\'{a}}s Recski},
  volume =       40,
  series =       {Colloquia Mathematica Societatis J{\'{a}}nos Bolyai},
  publisher =    {North-Holland},
  annote =       {Einige Artikel hieraus:

Anders Bj\"{o}rner: On matroids, groups and exchange languages
Hier geht's um Coxeter-Gruppen und ihre Verallgemeinerungen in
Greedoid-Richtung.

Henry Crapo: The combinatorial theory of structures
Wirkt lesbar.

Bernhard Korte und L\'{a}szl\'{o} Lov\'{a}sz: Posets, matroids and greedoids
Untersucht die Beziehungen zwischen Greedoiden und der Verallgemeinerung von
Matroiden auf partielle Ordnungen nach U. Faigle.

Jaroslav Nesetril, Svatopluk Poljak und Daniel Turzik: Special amalgams and
Ramsey matroids
Verallgemeinerungen von Ramsey-Theorien auf Matroide.

Alexander Schrijver: Supermodular colourings

Eine "intersecting family" ist ein Mengensystem, so dass fuer zwei Elemente
mit nicht-leerem Durchschnitt sowohl Durchschnitt als auch Vereinigung
dieser Elemente wieder im Mengensystem liegt.
Es werden supermodulare Funktionen auf solchen Mengensystemen untersucht.

P.D. Seymour: Applications of the regular matroid decomposition

\'{E}va Tardos: Generalized matroids and supermodular colourings
Das "supermodular colouring intersection theorem" von Schrijver wird
aus einem "generalized matroid intersection theorem" abgeleitet.
}
}

@Book{Ox92,
  author =       "James G. Oxley",
  title =        "Matroid Theory",
  publisher =    "Oxford University Press",
  year =         1992,
  annote =       "532 + xi Seiten.
                  Inhalt:
                  1. Basic definitions and examples
                  2. Duality
                  3. Minors
                  4. Connectivity
                  5. Graphic matroids
                  6. Representable matroids
                  7. Constructions
                  8. Higher connectivity
                  9. Binary matroids
                  10. Ternary matroids
                  11. The Splitter Theorem
                  12. Submodular functions and matroid union
                  13. Regular matroids
                  Sehr ausfuehrlich."
}

@Book{Tu71,
  author =       {W.T. Tutte},
  editor =       {Richard Bellman},
  title =        {Introduction to the Theory of Matroids},
  publisher =    {American Elsevier},
  year =         1971,
  annote =       {Verwendet leider unuebliche Notationen. Wohl ist dieser Text
in allen wesentlichen Teilen ueberholt.
Kapitel 1: The Circuits of a Matroid
(sein Modell fuer lineare Matroide sind "chain groups")
Kapitel 2: Minors
Kapitel 3: Connection
Kapitel 4: Bridges
Kapitel 5: Regular Chain-Groups and Matroids
("regulaere" oder "uni-modulare" Matroide)
Kapitel 6: Duality and Homotopy
(mit "Homotopie" ist hier ein bestimmte Aequivalenzrelation zwischen
Wegen gemeint; das Kapitel versucht die (schwer verstaendliche)
Charakterisierung regulaerer Matroide zu vermitteln)
}
}

@Book{We76,
  author =       "Dominic J. A. Welsh",
  title =        "Matroid Theory",
  publisher =    "Academic Press",
  year =         1976,
  annote =       "Verwendet den ``defect'' in der Transversaltheorie
                  wie \cite{Mi71}.
                  Zufaellig ist mir folgender Satz aufgefallen:
                  In einem geometrischen Verband ist die Anzahl der
                  Copunkte mindestens so gross wie die Anzahl der
                  Atome (S. 290, Theorem 3). Gleichheit gilt genau
                  dann wenn der Verband modular ist (Theorem 4)."
}

@Article{Wh35,
  author =       {Hassler Whitney},
  title =        {On the abstract properties of linear dependence},
  journal =      {American Journal of Mathematics},
  year =         1935,
  volume =       57,
  pages =        {509-533},
  annote =       {Aus \cite{Kun86}.}
}

@Book{Wh86,
  editor =       {Neil White},
  title =        {Theory of matroids},
  publisher =    {Cambridge University Press},
  year =         1986,
  volume =       26,
  series =       {Encyclopedia of mathematics and its applications},
  annote =       { [ Mathe-Bibliothek UofT, 05 ]
Kapitel 1: Examples and Basic Concepts; Henri Crapo
Kapitel 2: Axiom Systems; Giorgio Nicoletti and Neil White
Kapitel 3: Lattices; Ulrich Faigle
Kapitel 4: Basis-Exchange Properties; Joseph P.S. Kung
Kapitel 5: Orthogonality; Henry Crapo
Kapitel 6: Graphs and Series-Parallel Networks; James Oxley
Kapitel 7: Constructions; Thomas Brylawski
Kapitel 8: Strong Maps; Joseph P.S. Kung
Kapitel 9: Weak Maps; Joseph P.S. Kung and Hien Q. Nguyen
Kapitel 10: Semimodular Functions; Hien Q. Nguyen
Appendix of Matroid Cryptomorphisms; Thomas Brylawski
}
}

@InCollection{White1987Coordinizations,
  author =       {Neil White},
  title =        {Coordinatizations},
  crossref =     {Wh87},
  pages =        {1--27},
  chapter =      1
}
@InCollection{Fournier1987BinaryMatroids,
  author =       {J.C. Fournier},
  title =        {Binary Matroids},
  crossref =     {Wh87},
  pages =        {28--39},
  chapter =      2
}
@InCollection{White1987Unimodular,
  author =       {Neil White},
  title =        {Unimodular Matroids},
  crossref =     {Wh87},
  pages =        {40--52},
  chapter =      3
}
@InCollection{Brualdi1987Matching,
  author =       {Richard A. Brualdi},
  title =        {Introduction to Matching Theory},
  crossref =     {Wh87},
  pages =        {52--71},
  chapter =      4
}
@InCollection{Brualdi1987Transversal,
  author =       {Richard A. Brualdi},
  title =        {Transversal Matroids},
  crossref =     {Wh87},
  pages =        {72--97},
  chapter =      5
}
@InCollection{CordovilLindstroem1987SimplicialMatroids,
  author =       {Raul Cordovil and Bernt Lindstr{\"{o}}m},
  title =        {Simplicial Matroids},
  crossref =     {Wh87},
  pages =        {98--113},
  chapter =      6
}
@InCollection{Zaslavsky1987MoebiusCharacteristic,
  author =       {Thomas Zaslavsky},
  title =        {The M\"{o}bius Function and the Characteristic Polynomial},
  crossref =     {Wh87},
  pages =        {114--138},
  chapter =      7
}
@InCollection{Aigner1987WhitneyNumbers,
  author =       {Martin Aigner},
  title =        {Whitney Numbers},
  crossref =     {Wh87},
  pages =        {139--160},
  chapter =      8
}
@InCollection{Faigle1987Optimization,
  author =       {Ulrich  Faigle},
  title =        {Matroids in Combinatorial Optimization},
  crossref =     {Wh87},
  pages =        {161--210},
  chapter =      9
}
@Book{Wh87,
  editor =       {Neil White},
  title =        {Combinatorial Geometries},
  booktitle =    {Combinatorial Geometries},
  publisher =    {Cambridge University Press},
  year =         1987,
  volume =       29,
  series =       {Encyclopedia of mathematics and its applications},
  isbn =         {9780521333399},
  annote =       {Vorhanden.}
}

@InCollection{Ox92W,
  author =       {James Oxley},
  title =        {Infinite Matroids},
  booktitle =    {Matroid Applications},
  crossref =     {Wh92},
  pages =        {73-90},
  chapter =      3,
  annote =       {Vorhanden. Siehe Bearbeitung in "Matroid-Artikel" im Ordner "Genauer".}
}
@InCollection{BjoernerZiegler1992Greedoids,
  author =       {Anders Bj{\"{o}}rner und G{\"{u}}nter M. Ziegler},
  title =        {Introduction to Greedoids},
  booktitle =    {Matroid Applications},
  crossref =     {Wh92},
  pages =        {284-357},
  chapter =      8
}
@Book{Wh92,
  editor =       {Neil White},
  title =        {Matroid Applications},
  publisher =    {Cambridge University Press},
  year =         1992,
  volume =       40,
  series =       {Encyclopedia of Mathematics and its Applications},
  annote =       {
Kapitel 1: Matroids and Rigid Structure (Walter Whiteley)
Kapitel 2: Perfect Matroid Design (M. Deza)
Kapitel 3: Infinite Matroids (James Oxley)
Kapitel 4: Matroidal Families of Graphs (J.M.S. Simoes-Pereira)
Kapitel 5: Algebraic Aspects of Partition Lattices (Ivan Rival und Miriam Stanford)
Kapitel 6: The Tutte Polynomial and Its Applications (Thomas Brylawski)
Kapitel 7: Homology and Shellability of Matroids and Geometric Lattices (Anders Bjoerner)
Kapitel 8: Introduction to Greedoids (Anders Bjoerner und Guenter M. Ziegler
}
}

@TechReport{Zi98,
  author =       {G{\"{u}}nter M. Ziegler},
  title =        {Oriented Matroids Today},
  institution =  {Electronical Jounal of Combinatorics},
  year =         1998,
  number =       {DS\#4},
  note =         {Dynamic survey},
  annote =       {Kapitel 2: What is an Oriented Matroid?
Hier werden kurz die Vektor-Modellierungen von orientierten Matroiden
augefuehrt (allerdings ist nicht jedes orientierte Matroid so realisierbar!).
Kapitel 3: Some Frontiers of Research
3.1 Realization spaces
hat wohl was mit semi-algebraischen Mengen zu tun
3.2 Extension spaces, combinatorial Grassmannians, and matroid bundles
hier werden Raeume von (orient.) Matroiden zusammen mit "schwachen Abbildungen"
betrachtet
3.3 Affine and infinite oriented matroids
3.4 Realizations algorithms
Kapitel 4: Some Additions and Corrections
zu \cite{BLSWZ93}
Kapitel 5: The Bibliography
ausfuehrlich
}
}

@Book{Bokowski2006OrientierteMatroide,
  author =       {J{\"{ur}}rgen Bokowski},
  title =        {Computational Oriented Matroids: Equivalence classes of matrices within a natural framework},
  publisher =    {Cambridge University Press},
  year =         2006,
  note =         {ISBN-10 0-521-84930-6},
  annote =       {Vorhanden.}
}

@Article{BonindeMier2008CyclicFlats,
  author =       {Joseph E. Bonin and Anna de Mier},
  title =        {The Lattice of Cyclic Flats of a Matroid},
  journal =      {Annals of Combinatorics},
  year =         2008,
  volume =       12,
  number =       2,
  pages =        {155--170},
  month =        {July},
  doi =          {10.1007/s00026-008-0344-3},
  annote =       {Pdf von arXiv-Version vorhanden.}
}
