@Article{NR00,
  author = 	 {Rolf Niedermeier and Peter Rossmanith},
  title = 	 {New Upper Bounds for Maximum Satisfiability},
  journal = 	 {Journal of Algorithms},
  year = 	 {2000},
  OPTkey = 	 {},
  OPTvolume = 	 {36},
  OPTnumber = 	 {},
  OPTpages = 	 {63-88},
  OPTmonth = 	 {},
  OPTnote = 	 {},
  OPTannote = 	 {Vorhanden. Besprechung 7.8.2000
Fuer MAXSAT werden die Schranken tau(1, 4)^K, tau(1, 4, 11)^k
und tau(4, 8)^L bewiesen, wobei K die Anzahl der Klauseln, k die
Maximalanzahl erfuellbarer Klauseln und L die Anzahl der Literal-
vorkommen ist. Hierbei ist tau(1, 4) = 1.3802.., 
tau(1, 4, 11) = 1.3995.. und tau(4, 8) = 1.1278..
In MAX2SAT hat man 2 * K = L, und damit impliziert die Schranke
tau(4, 8)^L die Schranke tau(2, 4)^K fuer MAX2SAT, wobei
tau(2, 4) = 1.2720.. ist.

Die Techniken sind die "unseren".
Es wird \cite{BS99} zitiert mit den Schranken 1.3412..^K, 1.3802..^k
und 1.1057^L.
}
}


@InProceedings{BS99,
  author = 	 {N. Bansal and V. Raman},
  title = 	 {Upper bounds for {M}ax{S}at: Further improved},
  booktitle = 	 {Proceedings of the 10th International Symposium on Algorithms and Computation},
  OPTcrossref =  {},
  OPTkey = 	 {},
  pages = 	 {247-258},
  year = 	 {1999},
  OPTeditor = 	 {},
  volume = 	 {1741},
  OPTnumber = 	 {},
  series = 	 {Lecture Notes in Computer Science},
  OPTaddress = 	 {},
  OPTmonth = 	 {},
  OPTorganization = {},
  publisher = {Springer-Verlag},
  OPTnote = 	 {},
  OPTannote = 	 {}
}

@Unpublished{MaarenNorden2004SumsSquares,
  author = 	 {Hans van Maaren and Linda van Norden},
  title = 	 {Sums of Squares, Satisfiability and Maximum Satisfiability},
  note = 	 {Preprint; available at JSAT Addendum (\url{http://www.isa.ewi.tudelft.nl/Jsat/})},
  OPTkey = 	 {},
  OPTmonth = 	 {September},
  OPTyear = 	 {2004},
  OPTannote = 	 {Vorhanden.}
}

@Unpublished{SODA_2006_KojevnikovKulikov2005MAXSAT,
  author =       {Arist Kojevnikov and Alexander S. Kulikov},
  title =        {A new approach to proving upper bounds for {MAX-2-SAT}},
  note =         {Gutachter-Exemplar (fuer SODA 2006, bekommen von Dimitris Achlioptas)},
  month =        {July},
  year =         2005,
  annote =       {pdf-Datei vorhanden.}
}

@Article{MinLiManyaMohamedouPlanes2010Maxsat,
  author =       {Chu Min Li and Felip Many{\'{a}} and Nouredine Ould Mohamedou and Jordi Planes},
  title =        {Resolution-based lower bounds in {MaxSAT}},
  journal =      {Constraints},
  year =         2010,
  volume =       15,
  number =       4,
  pages =        {456-484},
  month =        {October},
  annote =       {Pdf-Datei vorhanden.}
}

