@Unpublished{Gwynne2008,
  author = 	 {Matthew Gwynne},
  title = 	 {Attacking {AES} via {SAT}},
  note =         {BSc Dissertation (Swansea)},
  year =         {2008}
}

@Article{Benhamou1994SymmetriesProp,
  author =       {Belaid Benhamou and Lakhdar Sais},
  title =        {Tractability through symmetries in propositional calculus},
  journal =      {Journal of Automated Reasoning},
  publisher =    {Springer Netherlands},
  issn =         {0168-7433 (Print) 1573-0670 (Online)},
  number =       {1},
  pages =        {89-102},
  volume =       {12},
  doi =          {10.1007/BF00881844},
  year =         {1994},
  month =        {February},
  note =         {\url{http://www.springerlink.com/content/j07mk5786023k388/}},
}

@Unpublished{Gwynne2009PP,
  author = 	 {Matthew Gwynne},
  title = 	 {Investigations of {AES}, {R}amsey problems and topological notions through {SAT}},
  note = 	 {MRes Project Proposal (Swansea)}
}

@Book{Dalgaard2008,
  author =       {Peter Dalgaard},
  title =        {Introductory Statistics with R (Statistics and Computing)},
  publisher =    {Springer},
  year =         {2008},
  edition =      {2nd},
  month =        {August},
  note =         {ISBN: 0387790535},
}

@Book{Todorcevic1997TopologieVDW,
  author =       {Stevo Todorcevic},
  title =        {Topics in Topology},
  publisher =    {Springer},
  year =         {1997},
  volume =       {1652},
  series =       {Lecture Notes in Mathematics},
  note =         {ISBN: 9783540626114}
}

@Article{Semaev2008,
  author =       {Igor Semaev},
  title =        {On solving sparse algebraic equations over finite fields},
  journal =      {Designs, Codes and Cryptography},
  volume =       {49},
  number =       {1-3},
  year =         {2008},
  pages =        {47-60}
}

@Article{Flores1994,
  author =       {Adolfo Sanchez-Flores},
  title =        {On Tournaments and Their Largest Transitive Subtournaments},
  journal =      {Graphs and Combinatorics},
  volume =       {10},
  number =       {2-4},
  year =         {1994},
  pages =        {367-376}
}

@Article{Heule2007VDW,
  author =       {P.R. Herwig and Marijn J.H. Heule and P.M. van Lambalgen and Hans van Maaren},
  title	=        {A New Method to Construct Lower Bounds for Van der Waerden Numbers},
  journal =      {The Electronic Journal of Combinatorics},
  year =         {2007},
  month	=        {January},
  volume =       {14},
  number =       {R6},
  pages	=        {1-18},
  issn =         {1077-8926},
  note =         {\url{http://www.combinatorics.org/Volume_14/PDF/v14i1r6.pdf}}
}

 	
@Article{2006SakallahSymm,
  author =       {Fadi A. Aloul and Karem A. Sakallah and Igor L. Markov},
  title =        {Efficient Symmetry Breaking for Boolean Satisfiability},
  journal =      {IEEE Transactions on Computers},
  volume =       {55},
  number =       {5},
  issn =         {0018-9340},
  year =         {2006},
  pages =        {549-558},
  doi =          {http://doi.ieeecomputersociety.org/10.1109/TC.2006.75},
  publisher =    {IEEE Computer Society},
  address =      {Los Alamitos, CA, USA},
}

@Misc{Soos2010SATGauss,
  author =       {Mate Soos},
  title =        {Enhanced {G}aussian Elimination in {DPLL}-based {SAT} Solvers},
  howpublished = {Pragmatics of SAT},
  year =         {2010},
  note =         {\url{http://www.msoos.org/wordpress/wp-content/uploads/2010/08/PoS10-Soos.pdf}}
}

@InProceedings{Soos2010GrainOfSalt,
  author =       {Mate Soos},
  title =        {Grain of Salt - An Automated Way to Test Stream Ciphers through {SAT} Solvers},
  booktitle =    {ECRYPT Workshop on Tools for Cryptanalysis 2010},
  pages =        {131-144},
  year =         {2010},
  editor =       {Fran\c{c}ois-Xavier Standaert},
  address =      {Royal Holloway, University of London, Egham, UK},
  month =        {June}
}

@Article{Rosta04RamseyApp,
  author =       {Vera Rosta},
  title =        {Ramsey Theory Applications},
  journal =      {The Electronic Journal of Combinatorics},
  note =         {Dynamic Surveys DS13},
  year =         {2004},
  note =         {\url{http://www.combinatorics.org/Surveys/ds13.pdf}}
}

@InProceedings{CondratKalle2007GrobCNF,
  author =       {Christopher Condrat and Priyank Kalla},
  booktitle =    {Tools and Algorithms for the Construction and Analysis of Systems},
  title =        {A {G}r\"obner Basis Approach to {CNF}-Formulae Preprocessing},
  year =         {2007},
  editor =       {Orna Grumberg and Michael Huth},
  volume =       {4424},
  series =       {Lecture Notes in Computer Science},
  pages =        {618-631},
  publisher =    {Springer},
  note =         {\url{http://dblp.uni-trier.de/db/conf/tacas/tacas2007.html#CondratK07}},
  isbn =         {978-3-540-71208-4}
}

@Article{Furstenberg1977ErgodicSzemeredi,
  author = 	 {Harry Furstenberg},
  title = 	 {Ergodic behaviour of diagonal measures and a theorem of Szemer\'edi on arithmetic progressions},
  journal = 	 {Journal d'Analyse Math\'ematique},
  year = 	 {1977},
  volume =       {31},
  number =       {1},
  pages =        {204-256},
  publisher =    {Springer}
}

@Article{KourilPaul2008VDW1132,
  author =       {Michal Kouril and Jerome L. Paul},
  title =        {The van der Waerden Number W(2,6) Is 1132},
  journal =      {Experimental Mathematics},
  year =         {2008},
  pages =        {53-61},
  volume =       {17},
  doi =          {10.1080/10586458.2008.10129025}
}

@Book{West96GraphTheory,
  author =       {Douglas B. West},
  title =        {Introduction to Graph Theory},
  publisher =    {Prentice Hall},
  edition =      {2nd},
  year =         {2000}
}

@Article{VDW1927,
  author = 	 {B.L van der Waerden},
  title = 	 {Beweis einer Baudetschen Vermutung},
  journal = 	 {Nieuw. Arch. Wisk},
  year = 	 {1927},
  volume =       {15},
  pages =        {212-216}
}

@Article{BergelsonFurstenbergHindmanKatznelson1989VDW,
  author = 	 {Vitaly Bergelson and Hillel Furstenberg and Neil Hindman and Yitzhak Katznelson},
  title = 	 {An algebraic proof of van der {W}aerden's theorem},
  journal = 	 {L'Enseignement Math\'ematique},
  year = 	 {1989},
  volume =       {35},
  pages =        {209-215},
  note =         {\url{http://retro.seals.ch/digbib/fr/view?rid=ensmat-001:1989:35::376&id=&id2=&id3=}}
}

@Book{Ellis1969TopoIdem,
 author =        {Robert Ellis},
 TITLE =         {Lectures on topological dynamics},
 PUBLISHER =     {W. A. Benjamin, Inc., New York},
 YEAR =          {1969}
}


@Article{Ramsey1928,
  author = 	 {F.P Ramsey},
  title = 	 {On a problem of formal logic},
  journal = 	 {Proceedings London Mathematical Society},
  year = 	 {1928},
  volume =       {s2-30, Number 1},
  page =         {264-286},
}

% This is the same as GutachtenIJCAI2005IsoElim in MiscSAT but a newer reference, should the old reference be altered?
@InProceedings{JiaZhang2005PredElim,
  author =       {Xiangxue Jia and Jian Zhang},
  title =        {Predicate-Oriented Isomorphism Elimination in Model Finding},
  booktitle =    {IJCAI},
  year      =    {2005},
  pages     =    {1525-1516},
  note       =   {\url{http://www.ijcai.org/papers/post-0303.pdf}},
  bibsource =    {DBLP, http://dblp.uni-trier.de}
}

@Article{Vereshchagin1998randomized,
  author =       {Nikolai K. Vereshchagin},
  title =        {Randomized Boolean decision trees: Several remarks},
  journal =      {Theoretical Computer Science},
  volume =       {207},
  number =       {2},
  pages =        {329-342},
  year =         {1998},
  publisher =    {Elsevier}
}

@Article{Buhrman2002complexity,
  author =       {Harry Buhrman and Ronald de Wolf},
  title =        {Complexity measures and decision tree complexity: a survey},
  journal =      {Theoretical Computer Science},
  volume =       {288},
  number =       {1},
  pages =        {21-43},
  year =         {2002},
  publisher =    {Elsevier}
}

@Article{WarnersMaaren1998EqReasoning,
  title =        {A two-phase algorithm for solving a class of hard satisfiability problems},
  author =       {Joost P. Warners and Hans van Maaren},
  journal =      {Operations Research Letters},
  volume =       {23},
  number =       {3-5},
  pages =        {81-88},
  year =         {1998},
  publisher =    {Elsevier}
}

@InProceedings{Bacchus2003PreprocessingHyperresolution,
  author =       {Fahiem Bacchus and Jonathan Winter},
  title =        {Effective Preprocessing with Hyper-Resolution and Equality Reduction},
  booktitle =    {Theory and Applications of Satisfiability Testing 2003},
  crossref =     {SantaMargherita2003b},
  pages =        {341-355}
}

@Article{Feldhofer2004strong,
  title =        {Strong authentication for {RFID} systems using the AES algorithm},
  author =       {Feldhofer, M. and Dominikus, S. and Wolkerstorfer, J.},
  journal =      {Lecture notes in computer science},
  pages =        {357-370},
  year =         {2004},
  publisher =    {Springer}
}

@misc{Ferguson2007aes,
  title =        {{AES-CBC}+ {E}lephant diffuser: A disk encryption algorithm for {W}indows {V}ista}},
  author =       {Neils Ferguson},
  publisher =    {Microsoft},
  year =         {2006}
}

@Article{Sorensson2005minisat,
  title =        {Minisat v1.13 - A {SAT} solver with conflict-clause minimization}},
  author =       {Niklas Sorensson and Niklas Een},
  year =         {2005},
  note =         {\url{http://minisat.se/downloads/MiniSat_v1.13_short.pdf}}
}

@Article{Biere2008picosat,
  title =        {PicoSAT essentials},
  author =       {Armin Biere},
  journal =      {Journal on Satisfiability, Boolean Modeling and Computation},
  volume =       {4},
  pages =        {75-97},
  year =         {2008},
  url =          {http://satassociation.org/jsat/index.php/jsat/article/view/45}
}

@InCollection{Biere1999symbolic,
  title =        {Symbolic model checking without {BDD}s},
  author =       {Armin Biere and Alessandro Cimatti and Edmund Clarke and Yunshan Zhu},
  year =         {1999},
  booktitle =    {Tools and Algorithms for the Construction and Analysis of Systems},
  editor =       {Rance Cleaveland},
  volume =       {1579},
  series =       {Lecture Notes in Computer Science},
  publisher =    {Springer},
  note =         {\url{http://dx.doi.org/10.1007/3-540-49059-0_14}}
}

@InProceedings{Tucker2007opium,
  title =        {Opium: Optimal package install/uninstall manager},
  author =       {Chris Tucker and David Shuffelton and Ranjit Jhala and Sorin Lerner},
  booktitle =    {29th International Conference on Software Engineering},
  pages =        {178-188},
  year =         {2007},
  organization = {IEEE}
}

@Article{Gligor2002fast,
  title =        {Fast encryption and authentication: {XCBC} encryption and {XECB} authentication modes},
  author =       {Virgil D. Gligor and Pompiliu Donescu},
  journal =      {Lecture notes in computer science},
  pages =        {92-108},
  year =         {2002},
  publisher =    {Springer}
}

@InProceedings{Gladman1999Implementation,
  title =        {Implementation experience with {AES} candidate algorithms},
  author =       {Brian Gladman},
  booktitle =    {Second AES Candidate Conference (AES2)},
  address =      {Rome, Italy},
  year =         {1999},
  organisation = {NIST}
}

@InProceedings{Hachez1999Caesar,
  title=         {{cAESar} results: Implementation of four {AES} candidates on two smart cards},
  author =       {Ga\"{e}l Hachez and Francois Koeune and Jean-Jacques Quisquater},
  booktitle =    {Second Advanced Encryption Standard Candidate Conference},
  pages =        {95-108},
  year =         {1999},
  organization = {NIST}
}

@InCollection{Messerges2001Securing,
  author =       {Thomas S. Messerges},
  title =        {Securing the {AES} finalists against power analysis attacks},
  booktitle =    {Fast Software Encryption},
  pages =        {293-301},
  publisher =    {Springer},
  year =         {2001},
  editor =       {Gerhard Goos and Juris Harmanis and Jan van Leeuwen and Bruce Schneier},
  volume =       {1978},
  series =       {Lecture notes in Computer Science},
  publisher =    {Springer}
}

@Misc{Bernstein2005Cache,
  title=         {Cache-timing attacks on {AES}},
  author =       {Daniel J. Bernstein},
  year =         {2005},
  note =         {\url{http://cr.yp.to/antiforgery/cachetiming-20050414.pdf}}
}

@Article{Bryant1986Graph,
  author =       {Randal E. Bryant},
  title =        {Graph-based algorithms for boolean function manipulation},
  journal =      {IEEE Transactions on Computers},
  year =         {1986},
  volume =       {35},
  number =       {8},
  pages =        {677-691},
  month =        {August}
}

@InProceedings{Friedman1987Finding,
  author =       {Samuel J. Friedman and Kenneth Jay Supowit},
  title =        {Finding the optimal variable ordering for binary decision diagrams},
  booktitle =    {24th ACM/IEEE Design Automation Conference},
  pages =        {348-356},
  year =         {1987},
  address =      {Miami Beach, Florida, United States},
  organization = {ACM/IEEE},
  publisher =    {ACM}
}

@Article{Breitbart1995Size,
  author =       {Yuri Breitbart and Harry B. Hunt III, and Daniel J. Rosenkrantz},
  title =        {On the size of binary decision diagrams representing boolean functions},
  journal =      {Theoretical Computer Science},
  year =         {1995},
  volume =       {145},
  number =       {1-2},
  pages =        {45-69},
  month =        {July},
  publisher =    {Elsevier}
}

@Article{Wegener1994Size,
  author =       {Ingo Wegener},
  title =        {The size of reduced {OBDD}'s and optimal read-once branching programs for almost all Boolean functions},
  journal =      {IEEE Transactions on Computers},
  year =         {1994},
  volume =       {43},
  number =       {11},
  pages =        {1262-1269},
  month =        {November}
}


@InProceedings{Gent2006Minion,
  author =       {Ian P. Gent and Chris Jefferson and Ian Miguel},
  title =        {{MINION}: A Fast, Scalable, Constraint Solver},
  booktitle =    {ECAI 2006},
  year =         {2006},
  volume =       {141},
  series =       {Frontiers in Artificial Intelligence and Applications},
  pages =        {98-102},
  address =      {Amsterdam, The Netherlands},
  publisher =    {IOS Press}
}

@Article{Raz2004Resolution,
  author =       {Ran Raz},
  title =        {Resolution lower bounds for the weak pigeonhole principle},
  journal =      {Journal of the {ACM}},
  year =         {2004},
  volume =       {51},
  number =       {2},
  pages =        {115-138},
  month =        {March},
}

@Article{Quine1955way,
  author =       {Willard V.O. Quine},
  title =        {A way to simplify truth functions},
  journal =      {American Mathematical Monthly},
  year =         {1955},
  volume =       {62},
  number =       {9},
  pages =        {627-631},
  month =        {November}
}


@Article{Quine1959cores,
  author =       {Willard V.O. Quine},
  title =        {On cores and prime implicants of truth functions},
  journal =      {The American Mathematical Monthly},
  year =         {1959},
  volume =       {66},
  number =       {9},
  pages =        {755-760},
  month =        {November}
}

@Article{Ragin1999QCACausalComp,
  author =       {Charles C. Ragin},
  title =        {Using qualitative comparative analysis to study causal complexity.},
  journal =      {Health Services Research},
  year =         {1999},
  volume =       {34},
  number =       {5},
  pages =        {1225-1239},
  month =        {December}
}

@InProceedings{Ngair1993IncPrimeImpGen,
  title =        {A new algorithm for incremental prime implicate generation},
  author =       {Ngair, T.H.},
  booktitle =    {Thirteenth International Joint Conference on Artificial intelligence},
  pages =        {46-51},
  editor =       {Ruzena Bajcsy},
  year =         {1993},
  address =      {San Francisco, CA, USA},
  organisation = {International Joint Conferences on Artificial Intelligence},
  publisher =    {Morgan Kaufmann Publishers}
}

@Article{Musa2003SimplifiedAES,
  title =        {A simplified {AES} algorithm and its linear and differential cryptanalyses},
  author =       {Musa, M.A. and Schaefer, E.F. and Wedig, S.},
  journal =      {Cryptologia},
  volume =       {27},
  number =       {2},
  pages =        {148-177},
  year =         {2003},
  publisher =    {Laguna Hills, Calif.: Aegean Park Press, 1977-}
}

@Article{Phan2002MiniAES,
  title =        {Mini Advanced Encryption Standard (Mini-{AES}): a testbed for cryptanalysis students}},
  author =       {Phan, R.C.W.},
  journal =      {Cryptologia},
  volume =       {26},
  number =       {4},
  pages =        {283-306},
  year =         {2002},
  publisher =    {Taylor \& Francis}
}

@Article{Slagle1970PrimeImpGen,
  author =       {James R. Slagle and Chin-Llang Chang and Richard C.T. Lee},
  title =        {A new algorithm for generating prime implicants},
  journal =      {IEEE Transactions on Computers},
  year =         {1970},
  volume =       {19},
  number =       {4},
  pages =        {304-310},
  month =        {April}
}

@TechReport{BoyarPeralta2009MinAppCrypt,
  title =        {New logic minimization techniques with applications to cryptology},
  author =       {Joan Boyar and Ren\'{e} Peralta},
  institution =  {Cryptology ePrint Archive},
  number =       {191},
  year =         {2009}
}

@MastersThesis{Gwynne2010MResAES,
  author =       {Matthew Gwynne},
  title = 	 {The Interaction between Propositional Satisfiability and Applications in Cryptography and {R}amsey Problems},
  school = 	 {Swansea University},
  year = 	 {2010},
  note =         {\url{http://cs.swan.ac.uk/~csmg/MG_MResThesis_final.pdf}}
}

@Book{Ragin2000FuzzySocial,
  author = 	 {Charles C. Ragin},
  title =        {Fuzzy-set Social Science},
  publisher = 	 {University of Chicago Press},
  year = 	 {2000},
  note =         {ISBN 978-0-226-70277-3}
}


@Book{BeckerRagin1992WhatIsACase,
  editor = 	 {Howard S. Becker and Charles C. Ragin},
  title = 	 {What is a case? Exploring the Foundations of Social Inquiry},
  publisher = 	 {Cambridge University Press},
  year = 	 {1992},
  note =         {ISBN 978-0-521-42188-1}
}

@Book{Lieberson1989MakingItCount,
  author = 	 {Stanley Lieberson},
  title = 	 {Making it Count: The improvement of social research and theory},
  publisher = 	 {University of California Press},
  year = 	 {1989},
  note =         {ISBN 978-0-520-06037-1}
}

@Article{BergSchlosserCronqvist2006HIVChange,
  title =        {Determining the Conditions of {HIV}/{AIDS} Prevalence in Sub-{S}aharan {A}frica},
  author =       {Lasse Cronqvist and Dirk Berg-Schlosser},
  journal =      {Innovative comparative methods for policy analysis},
  pages =        {145-166},
  year =         {2006},
  publisher =    {Springer}
}

@Article{RaginStrand2008CausalOrder,
  author =       {Charles C. Ragin and Sarah Ilene Strand},
  title =        {Using Qualitative Comparative Analysis to Study Causal Order: Comment on {C}aren and {P}anofsky (2005)},
  journal =      {Sociological Methods & Research},
  year = {2008},
  volume =       {36},
  number =       {4},
  pages =        {431-441}
}

@Article{AmentaCarruthersZylan1992HeroAged,
  author =       {Edwin Amenta and Bruce G. Carruthers and Yvonne Zylan},
  title =        {A hero for the aged? The Townsend Movement, the political mediation model, and US old-age policy, 1934-1950},
  journal =      {American Journal of Sociology},
  year =         {1992},
  volume =       {98},
  number =       {2},
  pages =        {308-339},
  publisher =    {University of Chicago Press}
}

@Article{AmentaPoulsen1996Spending,
  author =       {Edwin Amenta and Jane D. Poulsen},
  title =        {Social Politics in Context: The Institutional Politics Theory and Social Spending at the End of the New Deal},
  journal =      {Social Forces},
  year =         {1996},
  volume =       {75},
  number =       {1},
  pages =        {33-60},
  publisher =    {University of North Carolina Press}
}

@Article{AmentaHalfmann2000WageWars,
  author =       {Edwin Amenta and Drew Halfmann},
  title =        {Wage Wars: Institutional Politics, WPA Wages, and the Struggle for U.S. Social Policy},
  journal =      {American Sociological Review},
  year =         {2000},
  volume =       {65},
  number =       {4},
  pages =        {506-528},
  publisher =    {American Sociological Association}
}

@Article{MeurBergSchlosser1994InterwarDemocracy,
  author =       {Dirk Berg-Schlosser and Gis\'{e}le De Meur},
  title =        {Conditions of Democracy in Interwar Europe: A Boolean Test of Major Hypotheses},
  journal =      {Comparative Politics},
  year =         {1994},
  volume =       {26},
  number =       {3},
  pages =        {253-279},
  publisher =    {Ph.D. Program in Political Science of the City University of New York}
}

@Article{BergSchlosserQuenter1996Macro,
  author =       {Dirk Berg-Schlosser and Sven Quenter},
  title =        {Macro-Quantitative vs. Macro-Qualitative Methods in Political Science-Advantages and Disadvantages of Comparative Procedures using the Welfare-State Theory as an Example},
  journal =      {Historical Social Research},
  year =         {1996},
  volume =       {21},
  pages =        {3-25},
  publisher =    {University of Cologne}
}

@Article{BergSchlosser1998Fascism,
  author =       {Dirk Berg-Schlosser},
  title =        {Conditions of authoritarianism, fascism and democracy in inter-war Europe: a cross-sectional and longitudinal analysis}},
  journal =      {International Journal of Comparative Sociology},
  year =         {1998},
  volume =       {39},
  number =       {4},
  pages =        {335-377},
  publisher =    {Sage}
}

@Article{BotskoGriffinIsaacWahl1991TradeUnion,
  author =       {Christopher Botsko and Larry J. Griffin and Larry W. Isaac and Ana-Mararia Wahl},
  title =        {Theoretical generality, case particularity: Qualitative comparative analysis of trade union growth and decline},
  journal =      {International Journal of Comparative Sociology},
  volume =       {32},
  number =       {1-2},
  pages =        {110-136},
  year =         {1991},
  publisher =    {Sage}
}

@Article{Grimm2006Entrepreneurship,
  author =       {Heike Grimm},
  title =        {Entrepreneurship Policy and Regional Economic Growth},
  journal =      {Innovative Comparative Methods for Policy Analysis},
  pages =        {123-144},
  year =         {2006},
  publisher =    {Springer}
}

@Manual{Huang2010QCA3Manual,
  title = 	 {Yet another package for Qualitative Comparative Analysis},
  author = 	 {Ronggui Huang},
  organization = {Comprehensive R Archive Network},
  month = 	 {May},
  year = 	 {2010},
  note = 	 {\url{http://cran.r-project.org/web/packages/QCA3/index.html}}
}

@Manual{Dusa2009QCAManual,
  title = 	 {Qualitative Comparative Analysis},
  author = 	 {Adrian Dusa},
  organization = {Comprehensive R Archive Network},
  month = 	 {September},
  year = 	 {2009},
  note = 	 {\url{http://cran.r-project.org/web/packages/QCA/index.html}}
}



@Unpublished{Dusa2007EnchancingQMC,
  author =       {Adrian Dusa},
  title =        {Enhancing Quine-McCluskey},
  note =         {Working paper (University of Bucharest) - \url{http://sites.google.com/site/dusaadrian/EnhancingQuine-McCluskey.pdf}},
  year =         {2007}
}

@Article{Dusa2010BoolMin,
  author = 	 {Adrian Dusa},
  title =        {A mathematical approach to the boolean minimization problem},
  journal = 	 {Quality and Quantity},
  year = 	 {2010},
  volume = 	 {44},
  number = 	 {1},
  pages = 	 {99-113},
  month = 	 {January}
}

@TechReport{EbbinghausVisser1998UnionGrowth,
  author =       {Bernhard Ebbinghaus and Jelle Visser},
  title =        {When Institutions Matter: Union Growth and Decline in Western Europe, 1950--95},
  institution =  {Mannheimer Zentrum f\"{u}r Europ\"{a}ische Sozialforschung},
  year =         {1998},
  type =         {MZES Working Papers},
  number =       {30},
  month =        {July},
  note =         {\url{http://ideas.repec.org/p/erp/mzesxx/p0045.html}}
}

@Article{CorduneanuHuciOsa2003PoliticalOpportunity,
  author =       {Cristina Corduneanu-Huci and Mary-Jane Osa},
  title =        {Running Uphill: Political Opportunity in Non-democracies},
  journal =      {International Journal of Comparative Sociology},
  volume =       {2},
  year =         {2003},
  pages =        {605-629},
  publisher =    {Sage}
}

@Book{Rokkan1970CEP,
  author =       {Stein Rokkan},
  title =        {Citizens, Elections, Parties: Approaches to the Comparative Study of the Processes of Development},
  publisher =    {David McKay Co},
  year =         {1970}
}

@Article{Stokke2004BooleanRegime,
  author =       {Olav Schram Stokke},
  title =        {Boolean analysis, mechanisms, and the study of regime effectiveness},
  journal =      {Regime Consequences: Methodological Challenges and Research Strategies},
  year =         {2004},
  pages =        {87-120},
  publisher =    {Springer}
}

@InProceedings{VanderborghtYamasaki2003CSA,
  author =       {Yannick Vanderborght and Sakura Yamasaki},
  title =        {The Problem of Contradictory Simplifying Assumptions in Qualitative Comparative Analysis ({QCA})},
  journal =      {ECPR General Conference},
  year =         {2003},
  pages =        {18-21}
}

@Book{Schneider2008Consolidation,
  author =       {Carsten Q. Schneider},
  title =        {The consolidation of democracy: comparing Europe and Latin America},
  publisher =    {Taylor \& Francis},
  year =         {2008}
}

@Article{GiugniYamasaki2009Policy,
  author =       {Marco Giugni and Sakura Yamasaki},
  title =        {The Policy Impact of Social Movements: A Replication Through Qualitative Comparative Analysis},
  journal =      {Mobilization: An International Quarterly},
  volume =       {14},
  number =       {4},
  pages =        {467-484},
  year =         {2009}
}

@Article{Ronggui2009Internet,
  author =       {Ronggui Huang and Yong Gui},
  title =        {The Internet and Homeowners' Collective Resistance: A qualitative comparative analysis},
  journal =      {Sociological Studies},
  volume =       {5},
  year =         {2009}
}

@Article{CoudertMadre1993GraphBasedPrimeImp,
  author =       {Olivier Coudert and Jean C.C. Madre},
  title =        {A new graph based prime computation technique},
  journal =      {Logic synthesis and optimization},
  year =         {1993},
  pages =        {33-57},
  publisher =    {Springer}
}

@InBook{CoudertSasao2001TwoLevelMin,
  author =       {Olivier Coudert and Tsutomu Sasao},
  title =        {Two-level logic minimization},
  booktitle =    {Logic synthesis and verification},
  pages =        {1-27},
  year =         {2001},
  chapter =      {1},
  publisher =    {Kluwer Academic Publishers}
}

@InProceedings{CoudertMadre1993FTAAndBeyond,
  author =       {Olivier Coudert and Jean C.C. Madre},
  title =        {Fault tree analysis: $10^{20}$ prime implicants and beyond},
  year =         {1993},
  booktitle =    {Annual Reliability and Maintainability Symposium},
  organisation = {Reliability and Maintainability Symposium},
  pages =        {240-245},
  month =        {January}
}

@InProceedings{CoudertMadre1992NewMethodPrime,
  author =       {Olivier Coudert and Jean C.C. Madre},
  title =        {A new method to compute prime and essential prime implicants of boolean functions},
  year =         {1992},
  booktitle =    {Advanced Research in VLSI and Parallel Systems: Proceedings of the 1992 Brown/MIT Conference},
  publisher =    {MIT Press}
}

@InProceedings{CoudertMadre1993Towards,
  author =       {Olivier Coudert and Jean C.C. Madre},
  title =        {Towards a symbolic logic minimization algorithm},
  year =         {1993},
  booktitle =    {Sixth International Conference on VLSI Design},
  month =        {January},
  pages =        {329-334},
  organisation = {IEEE}
}

@Article{CoudertMadre1994METAPRIME,
  author =       {Olivier Coudert Jean C.C. Madre},
  title =        {{METAPRIME}, an Interactive Fault Tree Analyser},
  journal =      {Transactions on Reliability},
  year =         {1994},
  pages =        {121-127},
  month =        {March}
}

@Article{ChandraMarkowsky1978NumberPrime,
  author =       {Ashkok K. Chandra and George Markowsky},
  title =        {On the number of prime implicants},
  journal =      {Discrete Mathematics},
  year =         {1978},
  volume =       {24},
  number =       {1},
  pages =        {7-11}
}

@Unpublished{BorosCramaHammerIbarakiKogan2009LDAClassification,
  author =       {Endre Boros and Yves Crama and Peter L. Hammer and Toshihide Ibaraki and Alexander Kogan},
  title =        {Logical analysis of data: Classification with justification},
  month =        {February},
  year =         {2009},
  note =         {Working paper}
}

@Article{BorosHammerIbarakiKoganMayorazMuchnik2000ImpLDA,
  author =       {Endre Boros and Peter L. Hammer and Toshihide Ibaraki and Alexander Kogan and Eddy Mayoraz and Ilya Muchnik},
  title =        {An Implementation of  Logical Analysis of Data},
  journal =      {IEEE Transactions on Knowledge and Data Engineering},
  year =         {2000},
  publisher =    {IEEE Computer Society},
  volume =       {12},
  pages =        {292-306}
}

@Article{EkinHammerKogan2000LDA,
  author =       {Oya Ekin and Peter L. Hammer and Alexander Kogan},
  title =        {Convexity and logical analysis of data},
  journal =      {Theoretical Computer Science},
  year =         {2000},
  volume =       {244},
  number =       {1-2},
  pages =        {95-116}
}



@InProceedings{Pizzuti1996PrimeInteger,
  author =       {Clara Pizzuti},
  title =        {Computing prime implicants by integer programming},
  booktitle =    {Eighth IEEE International Conference on Tools with Artificial Intelligence},
  pages =        {332-336},
  year =         {1996},
  month =        {November},
  organization = {IEEE}
}

@InProceedings{ManquinhoFloresMarquesSilvaOliveira1997PrimeSAT,
  author =       {Vasco M. Manquinho and Paulo F. Flores and Ja\~{a}o P. Marques Silva and Arlindo L. Oliviera},
  title =        {Prime implicant computation using satisfiability algorithms},
  booktitle =    {IEEE International Conference on Tools with Artificial Intelligence},
  pages =        {232-239},
  year =         {1997},
  address =      {Los Alamitos, CA, USA},
  publisher =    {IEEE Computer Society}
}

@Article{McCluskey1956Minimization,
  author =       {Edward J. McCluskey},
  title =        {Minimization of boolean functions},
  journal =      {Bell System Technical Journal},
  year =         {1956},
  volume =       {35},
  number =       {5},
  pages =        {1417-1444}
}

@PhdThesis{Cronqvist2007mvQCA,
  author =       {Lasse Cronqvist},
  title =        {Konfigurationelle Analyse mit Multi-Value QCA als Methode der Vergleichenden Politikwissenschaft mit einem Fallbeispiel aus der Vergleichenden Parteienforschung},
  school =       {Univerit\"{a}t Marburg},
  year =         {2007},
  note =         {Translation: Configurational analysis with Multi-Value QCA as a method of comparative political science with a case example from the comparative research on political parties}
}

@Manual{Cronqvist2005TosmanaManual,
  title =        {Tosmana user manual},
  author =       {Lasse Cronqvist},
  year =         {2005},
  note =         {\url{http://www.tosmana.net}}
}

@Article{Kolmogorov1963Random,
  author =       {Andrey N. Kolmogorov},
  title =        {On tables of random numbers},
  journal =      {The Indian Journal of Statistics, Series A},
  year =         {1963},
  volume =       {25},
  number =       {4},
  pages =        {369-376}
}

@Misc{NVIVO,
  author =       {QSR International Pty Ltd},
  title =        {NVivo qualitative data analysis software},
  year =         {2008},
  note =         {\url{http://www.qsrinternational.com/products_nvivo.aspx}}
}


@Article{Venn1880Diagrams,
  author =       {John Venn},
  title =        {On the Diagrammatic and Mechanical Representation of Propositions and Reasonings},
  journal =      {Philosophical Magazine and Journal of Science},
  year =         {1880},
  volume =       {10},
  number =       {59},
  pages =        {1-18},
  publisher =    {Taylor and Francis}
}


@Article{BorosElbassioniGurvichKhachiyan2006,
  author =       {Endre Boros and Khaled Elbassioni and Vladimir Gurvich and Leonid Khachiyan},
  title =        {An efficient implementation of a quasi-polynomial algorithm for generating hypergraph transversals and its application in joint generation},
  journal =      {Discrete Applied Mathematics},
  year =         {2006},
  volume =       {154},
  number =       {16},
  pages =        {2350-2372}
}


@Article{Gottlob2004HyperTrans,
  author =       {Georg Gottlob},
  title =        {Hypergraph Transversals},
  journal =      {Foundations of Information and Knowledge Systems},
  year =         {2004},
  pages =        {1-5},
  publisher =    {Springer}
}


@InProceedings{McGeer1993EspressoSig,
  author =       {Patrick McGeer and Jagesh Sanghavi and Robert Brayton and Alberto Sangiovanni Vincentelli},
  title =        {Espresso-signature: a new exact minimizer for logic functions},
  booktitle =    {30th International Design Automation Conference},
  pages =        {618-624},
  year =         {1993},
  organization = {ACM}
}

@InProceedings{Jackson1992Prime,
  author =       {Peter Jackson},
  title =        {Computing prime implicates},
  booktitle =    {ACM Annual Conference on Communications},
  pages =        {65-72},
  year =         {1992},
  organization = {ACM}
}


@Book{Mitchell1985MachineLearning,
  author =       {Tom M. Mitchell},
  title =        {Machine learning: An artificial intelligence approach},
  publisher =    {Morgan Kaufmann},
  year =         {1985},
  edition =      {1},
  note =         {ISBN: 978-0071154673}
}


@Article{Stokke2004Boolean,
  author =       {Olav Schram Stokke},
  title =        {Boolean analysis, Mechanisms, and the study of regime effectiveness},
  journal =      {Regime Consequences: Methodological Challenges and Research Strategies},
  year =         {2004},
  pages =        {87-119}
}


@Manual{Ragin2008fsQCAManual,
  title =        {Users Guide to Fuzzy-Set / Qualitative Comparative Analysis},
  author =       {Charles C. Ragin},
  month =        {September},
  year =         {2008},
  note =         {\url{http://www.u.arizona.edu/~cragin/fsQCA/software.shtml}}
}


@Article{Karnaugh1953Map,
  author =       {Maurice Karnaugh},
  title =        {The map method for synthesis of combinatorial logic circuits},
  journal =      {Transactions of the American Institute of Electrical Engineers},
  year =         {1953},
  volume =       {72},
  number =       {9},
  pages =        {593-599}
}


@TechReport{BorosKantorLeeBorZhaoZhao2007LADTREC,
  author =       {Endre Boros and Paul B. Kantor and Jung J. Lee and Kwong Bor and Ng Di Zhao and Di Zhao},
  title =        {Application of Logical Analysis of Data to TREC6 Routing Task},
  institution =  {NIST},
  year =         {2007}
}


@Book{GelmanCortina2009TourQuantSci,
  editor =       {Andrew Gelman and Jeronimo Cortina},
  title =        {A Quantitative Tour of the Social Sciences},
  publisher =    {Cambridge University Press},
  year =         {2009},
  edition =      {First},
  note =         {ISBN: 978-0-521-68003-5}
}


@Article{Urquhart2009Enumerating,
  author =       {Alasdair Urquhart},
  title =        {Enumerating types of boolean functions},
  journal =      {The bulletin of symbolic logic},
  year =         {2009},
  number =       {3},
  volume =       {15},
  pages =        {273-299},
  month =        {June}
}


@InProceedings{ClarkeSapraTheobald2003LogicMin,
  author =       {Edmund Clarke and Samir Sapra and Michael Theobald},
  title =        {{SAT}-based algorithms for logic minimization},
  booktitle =    {21st International Conference on Computer Design},
  pages =        {510-517},
  year =         {2003},
  month =        {October},
  organization = {IEEE}
}


@InProceedings{BraytonHachtelMcMullenSangiovanni1984EspressoII,
  author =       {Robert K Brayton and Gary D Hachtel and Curtis T McMullen and Allberto Luigi Sangiovanni-Vincentelli},
  title =        {Espresso-II: A new logic minimizer for programmable logic arrays},
  booktitle =    {Custom Integrated Circuits Conference},
  year =         {1984},
  organization = {IEEE}
}

@InProceedings{HlavickaFiser2001BOOM,
  author =       {Jan Hlavi{\v{C}}ka and Petr Fi{\v{s}}er},
  title =        {{BOOM}: a heuristic boolean minimizer},
  booktitle =    {International Conference on Computer-aided design},
  pages =        {439-442},
  year =         {2001},
  publisher =    {IEEE Press}
}

@Article{EiterGottlobIdentMinTrans,
  author =       {Thomas Eiter and Georg Gottlob},
  title =        {Identifying the Minimal Transversals of a Hypergraph and Related Problems},
  journal =      {SIAM Journal on Computing},
  year =         {1995},
  volume =       {24},
  number =       {6},
  pages =        {1278-1304}
}

@InProceedings{BuiDuongTran2008GrayAESSbox,
  author =       {Doan-Khanh Bui and Anh-Duc Duong and Minh-Triet Tran},
  title =        {Gray {S}-box for {A}dvanced {E}ncryption {S}tandard},
  booktitle =    {International Conference on Computational Intelligence and Security},
  pages =        {253-258},
  year =         {2008},
  volume =       {1},
  month =        {December},
  organization = {IEEE}
}

@InCollection{BessiereHebrardWalsh2011LocalConsistInSAT,
  author =       {Christian Bessi\`{e}re and Emmanuel Hebrard and Toby Walsh},
  title =        {Local Consistencies in {SAT}},
  booktitle = 	 {Theory and Applications of Satisfiability Testing 2004},
  crossref =     {Vancouver2004b},
  pages =        {299-300}
}

@InProceedings{BardCourtois2007AlgebraicDES,
  author =       {Nicolas T. Courtois and Gregory V. Bard},
  title =        {Algebraic Cryptanalysis of the {D}ata {E}ncryption {S}tandard},
  booktitle =    {11th IMA International Conference on Cryptography and Coding},
  pages =        {152-169},
  year =         {2007},
  editor =       {Steven D. Galbraith},
  volume =       {4887},
  series =       {Lecture Notes in Computer Science},
  publisher =    {Springer},
  doi =          {10.1007/978-3-540-77272-9_10}
}

@Article{JovanovicKreuzer2010AlgAttackSAT,
  author =       {Philipp Jovanovic and Martin Kreuzer},
  title =        {Algebraic attacks using {SAT}-solvers},
  journal =      {Groups-Complexity-Cryptology},
  year =         {2010},
  volume =       {2},
  number =       {2},
  pages =        {247-259},
  month =        {November},
  doi =          {10.1515/gcc.2010.016}
}

@InProceedings{Jarvisalo2011EfficiencyDPLLOBDD,
  author =       {Matti J\"{a}rvisalo},
  title =        {On the Relative Efficiency of {DPLL} and {OBDDs} with {Axiom} and {Join}},
  booktitle =    {Principles and Practice of Constraint Programming - CP 2011},
  pages =        {429-437},
  year =         {2011},
  editor =       {Jimmy Lee},
  volume =       {6876},
  series =       {Lecture Notes in Computer Science},
  month =        {September},
  publisher =    {Springer}
}

@InProceedings{AtseriasFichteThurley2009ClauseLearningBoundedWidth,
  author =       {Albert Atserias and Johannes Klaus Fichte and Marc Thurley},
  title =        {Clause-Learning Algorithms with Many Restarts and Bounded-Width Resolution},
  crossref =     {Swansea2009},
  booktitle =    {Theory and Applications of Satisfiability Testing - SAT 2009},
  pages =        {114-127}
}

@InProceedings{BordeauxSilva2011Empowerment,
  author =       {Lucas Bordeaux and Joao Marques-Silva},
  title =        {Knowledge Compilation with Empowerment},
  booktitle =    {Constraint Modelling and Reformulation (ModRef '11)},
  pages =        {50-63},
  year =         {2011},
  editor =       {Andrea Rendl and J. Christopher Beck},
  organization = {CP2011}
}

@TechReport{AmbainisSun2011SeparationSfBSf,
  author =       {Andris Ambainis and Xiaoming Sun},
  title =        {New separation between s(f) and bs(f)},
  institution =  {Electronic Colloquium on Computational Complexity (ECCC)},
  year =         {2011},
  number =       {TR11-116},
  month =        {August}
}

@InProceedings{Courtois2007HowFastAlgBlock,
  author =	{Nicolas T. Courtois},
  title =	{How Fast can be Algebraic Attacks on Block Ciphers?},
  booktitle =	{Symmetric Cryptography},
  year =	{2007},
  editor =	{Eli Biham and Helena Handschuh and Stefan Lucks and Vincent Rijmen},
  number =	{07021},
  series =	{Dagstuhl Seminar Proceedings},
  address =	{Dagstuhl, Germany},
  publisher =	{Internationales Begegnungs und Forschungszentrum f{\"u}r Informatik (IBFI)},
  note =	{Available at \url{http://drops.dagstuhl.de/opus/volltexte/2007/1013}}
}

@InProceedings{BardCourtoisWagner2008AlgKeeLoq,
  author =       {Gregory Bard and Nicholas Courtois and David Wagner},
  title =        {Algebraic and Slide Attacks on KeeLoq},
  booktitle =    {Fast Software Encryption},
  pages =        {97-115},
  year =         {2008},
  editor =       {Kaisa Nyberg},
  volume =       {5086},
  series =       {Lecture Notes in Computer Science},
  publisher =    {Springer},
}

@InProceedings{CourtoisONeilQuisquater2009AlgHitag2,
  author =       {Nicolas T. Courtois and Sean O'Neil and Jean-Jacques Quisquater},
  title =        {Practical Algebraic Attacks on the Hitag2 Stream Cipher},
  booktitle =    {Information Security},
  pages =        {167-176},
  year =         {2009},
  editor =       {Pierangela Samarati and Moti Yung and Faboi Martinelli and Claudio A. Ardagna},
  volume =       {5735},
  series =       {Lecture Notes in Computer Science},
  publisher =    {Springer}
}

@InProceedings{DarwichePipatsrisawat2009ClauseLearnRes,
  author =       {Knot Pipatsrisawat and Adnan Darwiche},
  title =        {On the power of clause-learning {SAT} solvers with restarts},
  booktitle =    {Principles and Practice of Constraint Programming - CP 2009},
  pages =        {654-668},
  year =         {2009},
  editor =       {Ian P. Gent},
  volume =       {5732},
  series =       {Lecture Notes in Computer Science},
  publisher =    {Springer}
}


@InProceedings{DarwichePipatsrisawat2008ClauseLearningUnsatProofs,
  author =       {Adnan Darwiche and Knot Pipatsrisawat},
  title =        {A New Clause Learning Scheme for Efficient Unsatisiability Proofs},
  booktitle =    {Twenty-third AAAI Conference on Artificial Intelligence},
  pages =        {1481-1484},
  year =         {2008},
  publisher =    {AAAI Press}
}

@Article{CadoliDonini1997SurveyKnowledgeComp,
  author =       {Marco Cadoli and Francesco M. Donini},
  title =        {A survey of knowledge compilation},
  journal =      {AI Communications},
  year =         {1997},
  volume =       {10},
  number =       {3,4},
  pages =        {137-150},
  month =        {December}
}

@Article{SchaeferUmans2002PHCompletenessCompendium,
  author =       {Marcus Schaefer and Christopher Umans},
  title =        {Completeness in the polynomial-time hierarchy: A compendium},
  journal =      {SIGACT News},
  year =         {2002},
  volume =       {33},
  number =       {3},
  pages =        {32-49}
}

@TechReport{Bailleux2010CardConstBeyond,
  author =       {Olivier Bailleux},
  title =        {On the {CNF} encoding of cardinality constraints and beyond},
  institution =  {arXiv},
  year =         2010,
  number =       {arXiv:1012.3853v1 [cs.AI]},
  month =        {December}
}

@TechReport{Bailleux2010ReifiedUnit,
  author =       {Olivier Bailleux},
  title =        {Reified unit resolution and the failed literal rule},
  institution =  {arXiv},
  year =         2010,
  number =       {arXiv:1011.2898v1 [cs.LO]},
  month =        {November}
}

@Article{BubeckBuening2010PowerAuxVarQBF,
  author =       {Uwe Bubeck and Hans Kleine B\"{u}ning},
  title =        {The power of auxiliary variables for propositional and quantified boolean formulas},
  journal =      {Studies in Logic},
  year =         {2010},
  volume =       {3},
  number =       {3},
  pages =        {1-23}
}

@InProceedings{BubeckBueningZhao2009ResExpQBF,
  author =       {Uwe Bubeck and Hans Kleine B\"{u}ning and Xishun Zhao},
  title =        {Resolution and Expressiveness of Subclasses of Quantified Boolean Formulas and Circuits},
  crossref =     {Swansea2009},
  booktitle =    {Theory and Applications of Satisfiability Testing - SAT 2009},
  pages =        {391-397}
}

@Article{BubeckBuening20093CNFTransParGraph,
  author =       {Uwe Bubeck and Hans Kleine B\"{u}ning},
  title =        {A new 3-{CNF} transformation by parallel-serial graphs},
  journal =      {Information Processing Letters},
  year =         {2009},
  volume =       {109},
  number =       {7},
  pages =        {376-379},
  publisher =    {Elsevier}
}

@Article{BubeckBuening2008ModelQuantElimQHorn,
  author =       {Uwe Bubeck and Hans Kleine B\"{u}ning},
  title =        {Models and quantifier elimination for quantified {H}orn formulas},
  journal =      {Discrete Applied Mathematics},
  year =         {2008},
  volume =       {156},
  number =       {10},
  pages =        {1606-1622},
  publisher =    {Elsevier}
}

@Article{AnderaaBoerger1981EqHornNetworkBF,
  author =       {Stal O. Anderaa and Egon B\"{o}rger},
  title =        {The equivalence of {H}orn and network complexity for boolean functions},
  journal =      {Acta Informatica},
  year =         {1981},
  volume =       {15},
  number =       {3},
  pages =        {303-307}
}

@InProceedings{HemaspaandraSchnoor2011MinGenBoolFunc,
  author =       {Edith Hemaspaandra and Henning Schnoor},
  title =        {Minimization for Generalized Boolean Formulas},
  booktitle =    {Twenty-Second International Joint Conference on Artificial Intelligence},
  pages =        {566-571},
  year =         {2011},
  editor =       {Toby Walsh},
  volume =       {1},
  publisher =    {AAAI Press}
}

@MastersThesis{Chang2004HornMin,
  author =       {Tom Chang},
  title =        {Horn formula minimization},
  school =       {Rochester Institute of Technology},
  year =         {2004},
  month =        {May}
}

@PhdThesis{Nordstrom2008PHDSpaceVsWidth,
  author =       {Jakob Nordstr\"{o}m},
  title =        {Short Proofs May be Spacious: Understanding Space in Resolution},
  school =       {Royal Institute of Technology},
  year =         {2008},
  address =      {Stockholm, Sweden},
  month =        {May}
}

@MastersThesis{Nordstrom2001StalmarckVsResolution,
  author =       {Jakob Nordstr\"{o}m},
  title =        {St\r{a}lmarck's Method versus Resolution: A comparative theoretical study},
  school =       {Stockholm University},
  year =         {2001},
  address =      {Stockholm, Sweden},
}

@Article{Nordstrom2009NarrowMayBeSpacious,
  author =       {Jakob Nordstr\"{o}m},
  title =        {Narrow Proofs May Be Spacious: Separating Space and Width in Resolution},
  journal =      {SIAM Journal},
  year =         {2009},
  volume =       {39},
  number =       {1},
  pages =        {59-121}
}

@InProceedings{JarvisaloMatsliahNordstromZivny2012ProofCompHardnessSAT,
  author =       {Matti J\"{a}rvisalo and Arie Matsliah and Jakob Nordstr\"{o}m and Stanislav \v{Z}ivn\'{y}},
  title =        {Relating Proof Complexity Measures and Practical Hardness of {SAT}},
  booktitle =    {Principles and Practice of Constraint Programming - CP 2012},
  year =         {2012},
  editor =       {Michela Milano},
  volume =       {7514},
  series =       {Lecture Notes In Computer Science},
  pages =        {316-331},
  publisher =    {Springer}
}

@Article{Huet1980Confluence,
  author =       {G\'{e}rard Huet},
  title =        {Confluent Reductions: Abstract Properties and Applications to Term Rewriting Systems},
  journal =      {Journal of the ACM},
  year =         {1980},
  volume =       {27},
  number =       {4},
  pages =        {797-821},
  month =        {October}
}



@Article{Church1936LambdaConfluence,
  author =       {Alonso Church and John Barkley Rosser},
  title =        {Some properties of conversion},
  journal =      {Transactions of the American Mathematical Society},
  year =         {1936},
  volume =       {39},
  number =       {3},
  pages =        {472-482},
  publisher =    {JSTOR}
}

@Article{Newman1942TheoriesEquivalence,
  author =       {Maxwell Herman Alexander Newman},
  title =        {On theories with a combinatorial definition of equivalence},
  journal =      {Annals of mathematics},
  year =         {1942},
  volume =       {43},
  number =       {2},
  pages =        {223-243}
}

@InProceedings{Vlcek2010ClassesBoolPolySLUR,
  author =       {V. Vl{\v{c}}ek},
  title =        {Classes of Boolean Formulae with Effectively Solvable {SAT}},
  booktitle =    {19th Annual Conference of Doctoral Students - WDS 2010},
  year =         {2010},
  editor =       {Jana Safrankova and Jiri Pavlu},
  volume =       {1},
  pages =        {42-47},
  publisher =    {Matfyzpress}
}

@Article{Sperner1928SubsetsFiniteSets,
  author =       {Emanuel Sperner},
  title =        {Ein {S}atz \"{u}ber {U}ntermengen einer endlichen {M}enge},
  journal =      {Mathematische Zeitschrift},
  year =         {1928},
  volume =       {27},
  number =       {1},
  pages =        {544-548},
  doi =          {10.1007/BF01171114}
}

@TechReport{Jarvisalo2007ImpactRestrictedBranching,
  author =       {Matti J{\"{a}}rvisalo},
  title =        {Impact of restricted branching on clause learning {SAT} solving},
  institution =  {Helsinki University of Technology Laboratory for Theoretical Computer Science},
  year =         {2007},
  number =       {107}
}

@InProceedings{JarvisaloJunttila2007LimitRestrictedLearning,
  author =       {Matti J{\"{a}}rvisalo and Tommi A. Junttila},
  title =        {Limitations of restricted branching in clause learning},
  booktitle =    {Principles and Practice of Constraint Programming – CP 2007},
  year =         {2007},
  editor =       {Christian Bessi\`{e}re},
  volume =       {4741},
  series =       {Lecture Notes in Computer Science},
  pages =        {348-363},
  doi =          {10.1007/978-3-540-74970-7_26},
  publisher =    {Springer}
}


@InProceedings{FargierMarquis2008ExtendKCMapKromHornAff,
  author =       {H\'{e}l\`{e}ne Fargier and Piere Marquis},
  title =        {Extending the knowledge compilation map: {K}rom, {H}orn, {A}ffine and beyond},
  booktitle =    {ECAI 2008},
  year =         {2008},
  editor =       {Malik Ghallab and Constantine D. Spyropoulos and Nikos Fakotakis and Nikos Avouris},
  volume =       {178},
  series =       {Frontiers in Artificial Intelligence and Applications},
  pages =        {50-54},
  publisher =    {IOS Press}
}

@Unpublished{Soos2010CMSDesc,
  author =       {Mate Soos},
  title =        {CryptoMiniSat 2.5.0},
  note =         {\url{http://baldur.iti.uka.de/sat-race-2010/descriptions/solver_13.pdf}},
  year =         {2010}
}

@TechReport{Biere2010PicoSATLingelingDesc,
  author =       {Armin Biere},
  title =        {Lingeling, {P}lingeling, {PicoSAT} and {PrecoSAT} at {SAT} {R}ace 2010},
  institution =  {Institute for Formal Models and Verification, Johannes Kepler University},
  year =         {2010},
  address =      {Altenbergerstr. 69, 4040 Linz, Austria},
  month =        {August},
  note =         {\url{http://fmv.jku.at/papers/Biere-FMV-TR-10-1.pdf}}
}

@InProceedings{Biere2012LingelingDesc,
  author =       {Armin Biere},
  title =        {Lingeling and Friends Entering the {SAT} {C}hallenge 2012},
  booktitle =    {SAT Challenge 2012: Solver and Benchmark Descriptions},
  pages =        {33-34},
  year =         {2012},
  editor =       {Adrian Balint and Anton Belov and Daniel Diepold and Simon Gerber and Matti J\"{a}rvisalo and Carsten Sinz},
  volume =       {B-2012-2},
  series =       {Department of Computer Science Series of Publications B},
  publisher =    {University of Helsinki},
  note =         {\url{https://helda.helsinki.fi/bitstream/handle/10138/34218/sc2012_proceedings.pdf}}
}

@Unpublished{Sorensson2010Minisat22,
  author =       {Niklas S\"{o}rensson},
  title =        {MiniSAT 2.2 and MiniSAT++ 1.1},
  note =         {\url{http://baldur.iti.uka.de/sat-race-2010/descriptions/solver_25+26.pdf}},
  year =         {2010}
}


@InProceedings{AudemardSimon2009PredictingLearnt,
  author =       {Gilles Audemard and Laurent Simon},
  title =        {Predicting Learnt Clauses Quality in Modern {SAT} solvers},
  booktitle =    {21st International Joint Conference on Artificial intelligence},
  year =         {2009},
  pages =        {399-404},
  organization = {AAAI}
}



@Unpublished{Biere2009Precosat,
  author =       {Armin Biere},
  title =        {P\{re,i\}co{SAT}@{SC}'09},
  note =         {\url{http://fmv.jku.at/precosat/preicosat-sc09.pdf}},
  year =         {2009}
}

@InProceedings{HomsirikamolMorawieckiRogawskiSrebrny2012SHA3EvalSAT,
  author =       {Ekawat Homsirikamol and Pawe{\l} Morawiecki and Marcin Rogawski and Marian Srebrny},
  title =        {Security Margin Evaluation of {SHA}-3 Contest Finalists through {SAT}-Based Attacks},
  booktitle =    {Computer Information Systems and Industrial Management},
  year =         2012,
  editor =       {Agostino Cortesi and Nabendu Chaki and Khalid Saeed and S{\l}awomir Wierzcho{\`n}},
  volume =       7564,
  series =       {Lecture Notes in Computer Science},
  pages =        {56-67},
  publisher =    {Springer}
}


@Article{SimonLeBerreHirsch2005SAT2002,
  author =       {Laurent Simon and Daniel Le Berre and Edward A. Hirsch},
  title =        {The {SAT2002} competition},
  journal =      {Annals of Mathematics and Artificial Intelligence},
  year =         {2005},
  volume =       {43},
  number =       {1-4},
  pages =        {307-342},
  month =        {January},
  note =         {Competition website at \url{http://www.satcompetition.org/2002/}.}
}

@InProceedings{LeBerreSimon2004SAT2003,
  author =       {Daniel Le Berre and Laurent Simon},
  title =        {The Essentials of the {SAT} 2003 Competition},
  crossref =     {SantaMargherita2003b},
  pages =        {452-467},
  note =         {Competition website at \url{http://www.satcompetition.org/2003/}.}
}

@InProceedings{LeBerreSimon2005SAT2004,
  author =       {Daniel Le Berre and Laurent Simon},
  title =        {Fifty-Five Solvers in {V}ancouver: The {SAT} 2004 Competition},
  crossref =     {Vancouver2004b},
  pages =        {321-344},
  note =         {Competition website at \url{http://www.satcompetition.org/2004/}.}
}

@Article{Zarpas2006SAT05IndustrialComp,
  author =       {Emmanuel Zarpas},
  title =        {Back to the {SAT05} Competition: an a Posteriori Analysis of Solver Performance on Industrial Benchmarks},
  journal =      {Journal on Satisfiability, Boolean Modeling and Computation},
  year =         {2006},
  volume =       {2},
  pages =        {229-237}
}

@Booklet{LeBerreRousselSimon2009SATComp,
  title =        {{SAT} 2009 competitive events booklet:
preliminary version},
  author =       {Daniel Le Berre and Olivier Roussel and Laurent Simon},
  howpublished = {Booklet available at \url{http://www.cril.univ-artois.fr/SAT09/solvers/booklet.pdf}},
  year =         {2009},
  note =         {Competition website at \url{http://www.satcompetition.org/2009/}. Results available at \url{http://www.cril.univ-artois.fr/SAT09/}.}
}

@TechReport{BalintBelovDiepoldGerberJarvisaloSinz2012SATChallenge,
  author =       {Adrian Balint and Anton Belov and Daniel Diepold and Simon Gerber and Matti J{\"a}rvisalo and Carsten Sinz},
  title =        {SAT Challenge 2012; Solver and Benchmark Descriptions},
  institution =  {University of Helsinki, Department of Computer Science},
  year =         {2012},
  number =       {B-2012-2},
  note =         {Available at \url{https://helda.helsinki.fi/handle/10138/34218}. Competition website at \url{http://baldur.iti.kit.edu/SAT-Challenge-2012/}.}
}

@InProceedings{Jarvisalo2006InvestigationRegXORSAT,
  author =       {Matti J{\"a}rvisalo},
  title =        {Further investigations into Regular {XORSAT}},
  booktitle =    {Twenty-first AAAI Conference on Artificial Intelligence},
  pages =        {1871-1874},
  year =         {2006},
  publisher =    {AAAI Press}
}

@TechReport{Chen2007XORSAT,
  author =       {Jing-Chao Chen},
  title =        {{XORSAT}: An Efficient Algorithm for the {DIMACS} 32-bit Parity Problem},
  institution =  {arXiv},
  year =         2007,
  number =       {arXiv:cs/0703006 [cs.DS]},
  month =        {Mar}
}


