% Abschnitte (Sections):
% - Verschiedenes (Miscellaneous)
% - Minimal unerfuellbare Teilklauselmengen (MUS's)
% - Verallgemeinerungen


% %%%%%%%%%%%%%%%%%%%%%%%%%%%%%%%%%%
% %  Verschiedenes (Miscellaneous) %
% %%%%%%%%%%%%%%%%%%%%%%%%%%%%%%%%%%

@Article{AhLi86,
  author =       "Ron Aharoni and Nathan Linial",
  title =        "Minimal Non-Two-Colorable Hypergraphs and Minimal Unsatisfiable Formulas",
  journal =      "Journal of Combinatorial Theory, Series A",
  year =         1986,
  volume =       "43",
  number =       2,
  month =        {November},
  pages =        "196--204",
  doi =          {10.1016/0097-3165(86)90060-9},
  annote =       "Pdf vorhanden."
}

@Misc{Bue97,
  author =       "Hans {Kleine B{\"u}ning}",
  title =        "On the minimal unsatisfiability problem for some subclasses of {CNF}",
  year =         1997,
  note =         "Abstracts of the 16th International Symposium on
                  Mathematical Programming, Lausanne"
}

@InProceedings{Kl98,
  author =       "Hans {Kleine B{\"u}ning}",
  title =        "An Upper Bound for Minimal Resolution Refutations",
  editor =       "Georg Gottlob and Etienne Grandjean and Katrin Seyr",
  volume =       1584,
  series =       "Lecture Notes in Computer Science",
  pages =        "171--178",
  booktitle =    "Computer Science Logic 12th International Workshop, CSL'98",
  year =         1999,
  publisher =    "Springer",
  doi =          {10.1007/10703163_12},
  annote =       "Hier wird anscheinend bewiesen, dass minimal
                  unerfuellbare Klauselmenge mit beschraenktem Defekt
                  polynomial grosse baumartige
                  Resolutions-Widerlegungen haben."
}

@Unpublished{FlRe94,
  author =       "T. Fliti and G. Reynaud",
  title =        "Sizes of minimally unsatisfiable conjunctive normal forms",
  note =         "Fa\-cult{\'e} des Sciences de Luminy, Dpt. Mathematique-Informatique, 13288 Marseille, France",
  year =         1994,
  month =        "November",
  annote =       "Vorhanden.

                  Zum einen wird bewiesen, dass eine minimal
                  unerfuellbare Klauselmenge mindestens $n+1$ Klauseln
                  enthaelt (zum Beweis werden ``saturierte''
                  Klauselmengen benutzt).

                  Und zum anderen werden minimal unerfuellbare
                  3-Klauselmengen mit $n^3 / (48 (\log n)^3)$ Klauseln
                  vorgestellt."
}

@Misc{Fr98,
  author =       "John Franco",
  year =         1998,
  month =        "May",
  note =         "Personal communication"
}

@Article{ShDo97,
  author =       "Ma Shaohan and Liang Dongmin",
  title =        "A polynomial-time algorithm for reducing the number of variables in {MAX} {SAT} problem",
  journal =      "Science in China (Series E)",
  year =         1997,
  volume =       40,
  number =       3,
  pages =        "301--311",
  month =        "June",
  doi =          {10.1007/BF02916605},
  annote =       "Pdf vorhanden."
}

@Article{DDK98,
  author =       {Gennady Davydov and Inna Davydova and Hans {Kleine B{\"u}ning}},
  title =        {An efficient algorithm for the minimal unsatisfiability problem for a subclass of {CNF}},
  journal =      {Annals of Mathematics and Artificial Intelligence},
  year =         1998,
  volume =       23,
  number =       {3-4},
  pages =        {229--245},
  doi =          {10.1023/A:1018924526592},
  annote =       {Vorhanden.}
}

@Article{PY84,
  author =       {Christos H. Papadimitriou and M. Yannakakis},
  title =        {The Complexity of Facets (and Some Facets of Complexity)},
  journal =      {Journal on Computer and System Sciences},
  year =         1984,
  volume =       28,
  number =       2,
  pages =        {244--259},
  month =        {April},
  doi =          {10.1016/0022-0000(84)90068-0},
  annote =       {Pdf vorhanden.}
}
@Article{PW88,
  author =       {Christos H. Papadimitriou and David Wolfe},
  title =        {The Complexity of Facets Resolved},
  journal =      {Journal of Computer and System Sciences},
  year =         1988,
  volume =       37,
  number =       1,
  pages =        {2--13},
  month =        {August},
  doi =          {10.1016/0022-0000(88)90042-6},
  annote =       {Pdf vorhanden.. Siehe Bearbeitung in "MUSAT" im Ordner "Genauer".}
}

@Unpublished{FS00,
  author =       {Herbert Fleischner and Stefan Szeider},
  title =        {Polynomial-Time Recognition of Minimal Unsatisfiable Formulas with Fixed Clause-Variable Difference},
  note =         {Institute of Discrete Mathematics, Austrian Academy of Sciences},
  month =        {Februar 11,},
  year =         2000,
  annote =       {Vorhanden.}
}

@TechReport{FS00a,
  author =       {Herbert Fleischner and Stefan Szeider},
  title =        {Polynomial-Time Recognition of Minimal Unsatisfiable Formulas
with Fixed Clause-Variable Difference},
  institution =  {Electronic Colloquium on Computational Complexity (ECCC)},
  year =         2000,
  number =       {TR00-049},
  month =        {July},
  annote =       {Wohl kein Unterschied zu \cite{FS00}.}
}

% Der folgende Eintrag war urspruenglich "HKB2000" (umbenannt 28.9.2005).
@Article{KleineBuening2000SubclassesMU,
  author =       {Hans {Kleine B{\"u}ning}},
  title =        {On subclasses of minimal unsatisfiable formulas},
  journal =      {Discrete Applied Mathematics},
  year =         2000,
  volume =       107,
  number =       {1-3},
  pages =        {83--98},
  doi =          {10.1016/S0166-218X(00)00245-6},
  annote =       {pdf-Datei vorhanden. Siehe Bearbeitung in "MUSAT" im Ordner "Genauer".}
}

@Misc{To00p,
  author =       {Jacobo Tor{\'a}n},
  month =        {July},
  year =         2000,
  note =         {Personal communication},
  annote =       {Kurzer Beweis von delta(F) >= 1 fuer F in MUSAT mittels
regulaerer Resolutionsbeweise.}
}

@Unpublished{BET2000,
  author =       {Sven Baumer and Juan Luis Esteban and Jacobo Tor{\'a}n},
  title =        {Minimally unsatisfiable {CNF} formulas},
  note =         {Working draft July 20, 2000},
  OPTkey =       {},
  OPTmonth =     {},
  OPTyear =      {},
  annote =       {Siehe Bearbeitung in "Tarsi" im Ordner "Aktuelles".}
}

@Article{XD99,
  author =       {Zhao Xishun and Ding Decheng},
  title =        {Two tractable subclasses of minimal unsatisfiable formulas},
  journal =  {Science in China Series A: Mathematics},
  year =         1999,
  volume =       42,
  number =       7,
  pages =        {720--731},
  month =        {July},
  doi =      {10.1007/BF02878991},
  annote =       {Vorhanden.}
}

@Misc{IG00p,
  author =       {Ian Gent},
  howpublished = {Personal communication},
  month =        {May},
  year =         2000,
  annote =       {MUSAT-Entscheidung fuer delta <= n^{epsilon} kann nicht polynomial sein (ausser wenn P = NP); e-Brief an John Franco}
}

@Unpublished{Sz2000,
  author =       {Stefan Szeider},
  title =        {How to Prove Unsatisfiability by Homomorphisms},
  note =         {Submitted to Discrete Applied Mathematics},
  month =        {April},
  year =         2000,
  annote =       {Siehe Bearbeitung in "Aussagenlogik" im Ordner "Genauer".}
}
@Article{Szeider2003Homomorphisms,
  author =       {Stefan Szeider},
  title =        {Homomorphisms of conjunctive normal forms},
  journal =      {Discrete Applied Mathematics},
  year =         2003,
  volume =       130,
  number =       2,
  pages =        {351--365},
  annote =       {Pdf-Datei vorhanden. War wohl \cite{Sz2000}.}
}

% Der folgende Eintrag war urspruenglich "KBZ2000" (umbenannt 28.9.2005).
@Article{KleineBueningZhao2003StructureSomeClassesMU,
  author =       {Hans {Kleine B{\"u}ning} and Xishun Zhao},
  title =        {On the structure of some classes of minimal unsatisfiable formulas},
  journal =      {Discrete Applied Mathematics},
  year =         2003,
  volume =       130,
  number =       2,
  pages =        {185--207},
  doi =          {10.1016/S0166-218X(02)00405-5},
  annote =       {pdf-Datei vorhanden; siehe Bearbeitung in "MUSAT" im Ordner "Genauer".}
}

% Der folgende Eintrag war urspruenglich "KBZ2000b" (umbenannt 28.9.2005).
@Unpublished{KleineBueningZhao2003ComplexitySomeClassesMU,
  author =       {Hans {Kleine B{\"u}ning} and Xishun Zhao},
  title =        {The Complexity of Some Subclasses of Minimal Unsatisfiable Formulas},
  month =        {December},
  year =         2003,
  annote =       {Siehe Besprechung in "MUSAT" im Ordner "Genauer".}
}
% War KleineBueningZhao2003ComplexitySomeClassesMU_2
@Article{KleineBueningZhao2007ComplexitySomeSubclassesMU,
  author =       {Hans {Kleine B{\"u}ning} and Xishun Zhao},
  title =        {The Complexity of Some Subclasses of Minimal Unsatisfiable Formulas},
  journal =      {Journal on Satisfiability, Boolean Modeling and Computation},
  year =         2007,
  volume =       3,
  pages =        {1--17},
  url =          {http://satassociation.org/jsat/index.php/jsat/article/view/30},
  annote =       {Pdf-Datei vorhanden. Bei mir als Editor eingereicht; revision von \cite{KleineBueningZhao2003ComplexitySomeClassesMU}.}
}

@Unpublished{Sz2001ac,
  author =       {Stefan Szeider},
  title =        {Acyclic Formulas and Minimal Unsatisfiability},
  note =         {Submitted},
  OPTkey =       {},
  OPTmonth =     {},
  OPTyear =      {2000},
  annote =       {Ps-Datei vorhanden. Siehe Besprechung in "MUSAT" im Ordner "genauer".}
}

@TechReport{KBZ2002b,
  author =       {Hans {Kleine B{\"u}ning} and Xishun Zhao},
  title =        {Minimal Unsatisfiability: Results and Open Questions},
  institution =  {University of Paderborn},
  year =         2002,
  number =       {tr-ri-02-230, Series Computer Science},
  address =      {University of Paderborn, Department of Mathematics and Computer Science},
  note =         {\url{http://wwwcs.uni-paderborn.de/cs/ag-klbue/de/research/MinUnsat/index.html}},
  annote =       {pdf-Datei vorhanden.}
}

@Unpublished{Szintern2002,
  author =       {Stefan Szeider},
  title =        {Kein Titel},
  note =         {Interne Kommunikation},
  OPTkey =       {},
  month =        {May},
  year =         {2002},
  OPTannote =    {}
}

@Unpublished{Zhao2003Komm,
  author =       {Xishun Zhao},
  title =        {On {K}ullmann's Conjectures},
  note =         {Preprint, regarding \cite{Ku2003c}},
  OPTkey =       {},
  month =        {June},
  year =         {2003},
  annote =       {pdf-Datei vorhanden.}
}

@Unpublished{Liberatore2003Gutachten,
  author =       {Paolo Liberatore},
  title =        {Redundancy in Logic I: CNF Propositional Formulae},
  note =         {Gutachter-Exemplar, erhalten von Leszek Pacholski per e-Brief am 4.9.2003, eingereicht f\"ur Transactions on Computational Logic (TOCL)},
  month =        {November},
  year =         2002,
  annote =       {pdf-Datei vorhanden. Siehe die Besprechung TOCL_2003_12_Liberatore.}
}
@Article{Liberatore2005Redundanz,
  author =       {Paolo Liberatore},
  title =        {Redundancy in Logic {I}: {CNF} Propositional Formulae},
  journal =      {Artificial Intelligence},
  year =         2005,
  volume =       163,
  pages =        {203--232},
  annote =       {Pdf-Datei vorhanden.}
}

@Article{BueningZhao2005Clauseminimal,
  author =       {Hans {Kleine B{\"u}ning} and Xishun Zhao},
  title =        {Extension and equivalence problems for clause minimal formulae},
  journal =      {Annals of Mathematics and Artificial Intelligence},
  year =         2005,
  volume =       43,
  number =       1,
  pages =        {295--306},
  doi =          {10.1007/s10472-005-0435-3},
  annote =       {pdf-Datei vorhanden.}
}

@TechReport{LiffitonAndrausSakallah2005MaxSATMinUNSAT,
  author =       {Mark H. Liffiton and Zaher S. Andraus and Karem Sakallah},
  title =        {From {Max-SAT} to {Min-UNSAT}: Insights and Applications},
  institution =  {University of Michigan},
  year =         2005,
  number =       {CSE-TR-506-05},
  month =        {February},
  annote =       {pdf-Datei vorhanden.}
}

@InProceedings{DasguptaChandru2004MUS,
  author =       {Sudeshna Dasgupta and Vijay Chandru},
  title =        {Minimal Unsatisfiable Sets: Classification and Bounds},
  booktitle =    {Advances in Computer Science - ASIAN 2004: Higher-Level Decision Making},
  pages =        {330--342},
  year =         2004,
  editor =       {Michael J. Maher},
  volume =       3321,
  series =       {LNCS},
  annote =       {pdf-Datei vorhanden. Muell (lauter Trivialitaeten, die im
  wesentlichen alle in der Literatur sind, schlecht aufgeschrieben; die
  "Klassifikation" dreht sich um "lonesome" literals (singulaere Literale)
  und Einer-Klauseln).}
}

@InProceedings{Huang2005MUP,
  author =       {Jinbo Huang},
  title =        {{MUP}: A Minimal Unsatisfiability Prover},
  booktitle =    {Proceedings of the Tenth Asia and South Pacific Design Automation Conference (ASP-DAC-05)},
  pages =        {432--437},
  year =         2005,
  annote =       {pdf-Datei vorhanden.}
}

@Article{KleineBueningZhao2002Representation,
  author =       {Hans {Kleine B{\"u}ning} and Xishun Zhao},
  title =        {Polynomial time algorithms for computing a representation for minimal unsatisfiable formulas with fixed deficiency},
  journal =      {Information Processing Letters},
  year =         2002,
  volume =       84,
  number =       3,
  pages =        {147--151},
  month =        {November},
  doi =          {10.1016/S0020-0190(02)00267-3},
  annote =       {Pdf-Datei vorhanden.}
}

@Article{KleineBueningXu2005HomomorphismsMu,
  author =       {Hans {Kleine B{\"u}ning} and Daoyun Xu},
  title =        {The complexity of homomorphisms and renamings for minimal unsatisfiable formulas},
  journal =      {Annals of Mathematics and Artificial Intelligence},
  year =         2005,
  volume =       43,
  number =       {1-4},
  pages =        {113--127},
  doi =          {10.1007/s10472-005-0422-8},
  annote =       {Pdf-Datei vorhanden.}
}

@Article{BueningZhao2002MUsubsets,
  author =       {Hans Kleine B{\"{u}}ning and Xishun Zhao},
  title =        {The Complexity of Read-Once Resolution},
  journal =      {Annals of Mathematics and Artificial Intelligence},
  year =         2002,
  volume =       36,
  number =       4,
  pages =        {419--435},
  month =        {December},
  doi =          {10.1023/A:1016339119669},
  annote =       {Pdf-Datei vorhanden.}
}

@InProceedings{ChenDing2006VMU,
  author =       {Zhenyu Chen and Decheng Ding},
  title =        {Variable Minimal Unsatisfiability},
  booktitle =    {Theory and Applications of Models of Computation},
  pages =        {262--273},
  year =         2006,
  editor =       {Jin-Yi Cai and S. Barry Cooper and Angsheng Li},
  volume =       3959,
  series =       {Lecture Notes in Computer Science},
  publisher =    {Springer},
  doi =          {10.1007/11750321_25},
  annote =       {Pdf-Datei vorhanden.}
}

@Article{ChenXuDing2010VMS,
  author =       {ZhenYu Chen and BaoWen Xu and DeCheng Ding},
  title =        {The complexity of variable minimal formulas},
  journal =      {Chinese Science Bulletin},
  year =         2010,
  volume =       55,
  number =       18,
  pages =        {1957--1960},
  month =        {June},
  doi =          {10.1007/s11434-010-3127-2},
  annote =       {Pdf vorhanden.}
}

@article{Lee2009MU3CNF,
  author    = {Choongbum Lee},
  title     = {On the size of minimal unsatisfiable formulas},
  journal   = {The Electronic Journal of Combinatorics},
  volume    = {16},
  number    = {1},
  year      = {2009},
  note      = {Note \#N3},
  url =       {http://www.combinatorics.org/Volume_16/Abstracts/v16i1n3.html},
  annote    = {Pdf vorhanden.}
}


% %%%%%%%%%%%%%%%%%%%%%%%%%%%%%%%%%%%%%%%%%%%%%%%%%%%
% % Minimal unerfuellbare Teilklauselmengen (MUS's) %
% %%%%%%%%%%%%%%%%%%%%%%%%%%%%%%%%%%%%%%%%%%%%%%%%%%%

@InProceedings{LiffitonSakallah2005AllMUS,
  author =       {Mark H. Liffiton and Karem A. Sakallah},
  title =        {On Finding All Minimally Unsatisfiable Subformulas},
  booktitle =    {Theory and Applications of Satisfiability Testing 2005},
  crossref =     {StAndrews2005},
  pages =        {173--186},
  doi =          {10.1007/11499107_13}
}
@InProceedings{LiffitonSakallah2005AllMUS_kurz,
  author =       {Mark H. Liffiton and Karem A. Sakallah},
  title =        {On Finding All Minimally Unsatisfiable Subformulas},
  booktitle =    {Theory and Applications of Satisfiability Testing (SAT 2005)},
  pages =        {173--186}
}

@InProceedings{MneimnehLynceAndrausSilvaSakallah2005MUS,
  author =       {Maher N. Mneimneh and In{\^e}s Lynce and Zaher S. Andraus and Jo{\~a}o P. Marques Silva and Karem A. Sakallah},
  title =        {A Branch and Bound Algorithm for Extracting Smallest Minimal Unsatisfiable Formulas},
  booktitle =    {Theory and Applications of Satisfiability Testing 2005},
  crossref =     {StAndrews2005},
  pages =        {467--474}
}
@Unpublished{MneimnehLynceAndrausSilvaSakallah2005MUSa,
  author =       {Maher Mneimneh and In{\^{e}}s Lynce and Zaher Andraus and Jo{\~{a}}o Marques-Silva and Karem Sakallah},
  title =        {A Branch and Bound Algorithm for Extracting Smallest Minimal Unsatisfiable Formulas},
  note =         {Submitted},
  month =        {July},
  year =         2005,
  annote =       {September 2005 von Hans van Maaren zur JSAT-Begutachtung erhalten,}
}

@InProceedings{BruniSassano2001UnsatSub,
  author =         {Renato Bruni and Antonio Sassano},
  title =          {Restoring Satisfiability or Maintaining Unsatisfiability by finding small Unsatisfiable Subformulae},
  booktitle =      {LICS 2001 Workshop on Theory and Applications of Satisfiability Testing (SAT 2001)},
  year =         2001,
  editor =         {Henry Kautz and Bart Selman},
  volume =         9,
  series =         {Electronic Notes in Discrete Mathematics (ENDM)},
  month =         {June},
  publisher =      {Elsevier Science},
  annote =         {ps-Datei vorhanden}
}
@InProceedings{BruniSassano2001UnsatSub_kurz,
  author =          {Renato Bruni and Antonio Sassano},
  title =          {Restoring Satisfiability or Maintaining Unsatisfiability by finding small Unsatisfiable Subformulae},
  booktitle =          {LICS Workshop SAT 2001},
  volume =         9,
  series =         {ENDM},
  annote =         {ps-Datei vorhanden}
}

@Article{Bruni2005MU_LP,
  author =       {Renato Bruni},
  title =        {On exact selection of minimally unsatisfiable subformulae},
  journal =      {Annals for Mathematics and Artificial Intelligence},
  year =         2005,
  volume =       43,
  pages =        {35--50},
  annote =       {pdf-Datei vorhanden.}
}

@MastersThesis{Wieringa2007BrouwerSAT,
  author =       {Siert Wieringa},
  title =        {Finding cores using a {B}rouwer's fixed point approximation algorithm},
  school =       {University Delft ???},
  year =         2007,
  address =      {???},
  month =        {August},
  annote =       {Pdf-Datei vorhanden.}
}

@InProceedings{MaarenWieringa2008MUS,
  author =       {Hans van Maaren and Siert Wieringa},
  title =        {Finding Guaranteed {MUS}es Fast},
  booktitle =    {Theory and Applications of Satisfiability Testing - SAT 2008},
  crossref =     {Guangzhou2008},
  pages =        {291--304},
  annote =       {Pdf-Datei vorhanden.}
}

@Article{Bruni2003ApprMU,
  author =       {Renato Bruni},
  title =        {Approximating minimal unsatisfiable subformulae by means of adaptive core search},
  journal =      {Discrete Applied Mathematics},
  year =         2003,
  volume =       130,
  number =       2,
  pages =        {85--100},
  month =        {August},
  doi =          {10.1016/S0166-218X(02)00399-2},
  annote =       {Pdf-Datei vorhanden.}
}

@InProceedings{OhMneimnehAndrausSakallahMarkov2004Amuse,
  author =       {Yoonna Oh and Maher N. Mneimneh and Zaher S. Andraus and Karem A. Sakallah and Igor L. Markov},
  title =        {{AMUSE}: a minimally-unsatisfiable subformula extractor},
  booktitle =    {Proceedings of the 41st annual conference on Design automation (DAC)},
  pages =        {518--523},
  year =         2004,
  doi =          {10.1145/996566.996710},
  bibsource = {DBLP, http://dblp.uni-trier.de}
}

@InProceedings{GregoireMazurePiette2007MUSMSS,
  author =       {{\'E}ric Gr{\'e}goire and Bertrand Mazure and C{\'e}dric Piette},
  title =        {Boosting a Complete Technique to Find {MSS} and {MUS} Thanks to a Local Search Oracle},
  booktitle =    {Proceedings of IJCAI},
  pages =        {2300--2305},
  year =         2007,
  ee        = {http://www.ijcai.org/papers07/Papers/IJCAI07-370.pdf},
crossref  = {DBLP:conf/ijcai/2007},
  bibsource = {DBLP, http://dblp.uni-trier.de}
}

@InProceedings{GregoireMazurePiette2007MUST,
  author =       {{\'E}ric Gr{\'e}goire and Bertrand Mazure and C{\'e}dric Piette},
  title =        {{MUST}: Provide a Finer-Grained Explanation of Unsatisfiability},
  booktitle =    {Principles and Practice of Constraint Programming (CP)},
  pages =        {317--331},
  year =         2007,
  doi =          {10.1007/978-3-540-74970-7_24},
  bibsource = {DBLP, http://dblp.uni-trier.de}
}

@InProceedings{GregoireMazurePiette2006InconsistentCovers,
  author =       {{\'E}ric Gr{\'e}goire and Bertrand Mazure and C{\'e}dric Piette},
  title =        {Tracking {MUS}es and Strict Inconsistent Covers},
  booktitle =    {Proceedings of the Formal Methods in Computer Aided Design (FMCAD)},
  pages =        {39--46},
  year =         2006,
  doi =          {10.1109/FMCAD.2006.34},
crossref  = {DBLP:conf/fmcad/2006},
  bibsource = {DBLP, http://dblp.uni-trier.de}
}

@Article{MarquesSilva2012MUS,
  author =       {Joao Marques-Silva},
  title =        {Computing Minimally Unsatisfiable Subformulas: State of the Art and Future Directions},
  journal =      {Journal of Multiple-Valued Logic and Soft Computing},
  year =         2012,
  volume =       19,
  number =       {1-3},
  pages =        {163--183},
  url =          {http://www.oldcitypublishing.com/journals/mvlsc-home/mvlsc-issue-contents/mvlsc-volume-19-number-1-3-2012/mvlsc-19-1-3-p-163-183/},
  annote =       {Vorversion vorhanden.}
}

@inproceedings{RyvchinStrichman2011MUcores,
  author    = {Vadim Ryvchin and Ofer Strichman},
  title     = {Faster Extraction of High-Level Minimal Unsatisfiable Cores},
  booktitle = {Theory and Applications of Satisfiability Testing - SAT 2011},
  year      = {2011},
  pages     = {174--187},
  crossref  = {AnnArbor2011}
}

@Article{BelovJanotaLnceMarquesSilva2014MES,
  author =       {Anton Belov and Mikol{\'{a}}{\v{s}} Janota and In{\^{e}}s Lynce and Joao Marques-Silva},
  title =        {Algorithms for Computing Minimal Equivalent Subformulas},
  journal =      {Artificial Intelligence},
  year =         {2014},
  OPTkey =       {},
  OPTvolume =    {},
  OPTnumber =    {},
  OPTpages =     {},
  OPTmonth =     {},
  note =      {Article available online},
  doi =          {10.1016/j.artint.2014.07.011},
  OPTannote =    {Pdf vorhanden.}
}

@InProceedings{BelovIvriiMatsliahMarquesSilva2012VMUSs,
  author =       {Anton Belov and Alexander Ivrii and Arie Matsliah and Joao Marques-Silva},
  title =        {On Efficient Computation of {V}ariable {MUS}es},
  booktitle =    {Theory and Applications of Satisfiability Testing – SAT 2012},
  crossref =     {Trento2012},
  pages =        {298--311},
  doi =          {10.1007/978-3-642-31612-8_23},
  annote =       {Pdf vorhanden.}
}

@TechReport{AnjosVieira2014SDPMU,
  author =       {Miguel F. Anjos and Manuel V.C. Vieira},
  title =        {On semidefinite least squares and minimum unsatisfiable subformulas},
  institution =  {Les Cahiers du GERAD},
  year =         2014,
  number =       {G-2014-33},
  month =        {May},
  note =         {22 pages},
  url =          {https://www.gerad.ca/en/papers/G-2014-33},
  annote =       {Wohl identisch mit dem Gutachterexemplar DA3819; siehe Gutachten Gutachten/DAM_2015_02_AnjosVieira.}
}


% %%%%%%%%%%%%%%%%%%%%%%%
% % Verallgemeinerungen %
% %%%%%%%%%%%%%%%%%%%%%%%

@Article{CreignouDaude2002ThresholdConstraints,
  author =       {Nadia Creignou and Herv{\'{e}} Daud{\'{e}}},
  title =        {Generalized satisfiability problems: minimal elements and phase transitions},
  journal =      {Theoretical Computer Science},
  year =         2003,
  volume =       302,
  number =       {1-3},
  pages =        {417--430},
  month =        {June},
  doi =          {10.1016/S0304-3975(02)00890-3},
  annote =       {Pdf vorhanden.}
}

@InProceedings{BaileyStuckey2005MUS,
  author =       {James Bailey and Peter J. Stuckey},
  title =        {Discovery of Minimal Unsatisfiable Subsets of Constraints Using Hitting Set Dualization},
  booktitle =    {Practical Aspects of Declarative Languages (7th International Symposium, PADL)},
  pages =        {174--186},
  year =         2005,
  editor =       {Manuel V. Hermenegildo and Daniel Cabeza},
  volume =       3350,
  series =       {Lecture Notes in Computer Science},
  publisher =    {Springer},
  doi =          {10.1007/978-3-540-30557-6_14},
  annote =       {Pdf vorhanden.}
}

@InProceedings{BenSassonNordstroem2011Substitutions,
  author =       {Eli Ben-Sasson and Jakob Nordstr{\"{o}}m},
  title =        {Understanding Space in Proof Complexity: Separations and Trade-offs via Substitutions (Extended Abstract)},
  booktitle =    {Innovations in Computer Science (ICS 2011)},
  pages =        {401--416},
  year =         2011,
  url =          {http://conference.itcs.tsinghua.edu.cn/ICS2011/content/papers/3.html},
  annote =       {Pdf vorhanden.}
}

@InProceedings{NordstroemRazborov2011MU,
  author =       {Jakob Nordstr{\"{o}}m and Alexander Razborov},
  title =        {On Minimal Unsatisfiability and Time-Space Trade-offs for $k$-{DNF} Resolution},
  booktitle =    {Automata, Languages and Programming (38th International Colloquium, ICALP)},
  pages =        {642--653},
  year =         2011,
  editor =       {Luca Aceto and Monika Henzinger and Ji{\v{r}}{\'{\i}} Sgall},
  volume =       6755,
  series =       {Lecture Notes in Computer Science},
  address =      {Berlin},
  publisher =    {Springer},
  doi =          {10.1007/978-3-642-22006-7_54},
  annote =       {Pdf vorhanden.}
}

@InProceedings{BelovMarquesSilvaMUCircuits,
  author =       {Anton Belov and Joao Marques-Silva},
  title =        {Minimally Unsatisfiable Boolean Circuits},
  booktitle =    {Theory and Applications of Satisfiability Testing - SAT 2011},
  crossref =     {AnnArbor2011},
  pages =        {145--158},
  doi =          {10.1007/978-3-642-21581-0_13},
  annote =       {Pdf vorhanden.}
}
