@article{Alexe2004,
 author = {Alexe, Gabriela and Alexe, Sorin and Crama, Yves and Foldes, Stephan and Hammer, Peter L. and Simeone, Bruno},
 title = {Consensus algorithms for the generation of all maximal bicliques},
 journal = {Discrete Appl. Math.},
 volume = {145},
 number = {1},
 year = {2004},
 issn = {0166-218X},
 pages = {11--21},
 doi = {http://dx.doi.org/10.1016/j.dam.2003.09.004},
 publisher = {Elsevier Science Publishers B. V.},
 address = {Amsterdam, The Netherlands, The Netherlands},
 }

@inproceedings{Szeider2003b,
 author = {Stefan Szeider},
 title = {The Complexity of Resolution with Generalized Symmetry Rules},
 booktitle = {STACS '03: Proceedings of the 20th Annual Symposium on Theoretical Aspects of Computer Science},
 year = {2003},
 isbn = {3-540-00623-0},
 pages = {475--486},
 publisher = {Springer-Verlag},
 address = {London, UK},
 }

@article{Krish1985,
 author = {Balakrishnan Krishnamurthy},
 title = {Short proofs for tricky formulas},
 journal = {Acta Inf.},
 volume = {22},
 number = {3},
 year = {1985},
 issn = {0001-5903},
 pages = {253--275},
 publisher = {Springer-Verlag New York, Inc.},
 address = {Secaucus, NJ, USA},
 }

@article{Urqu1999,
 author = {Alasdair Urquhart},
 title = {The symmetry rule in propositional logic},
 journal = {Discrete Appl. Math.},
 volume = {96-97},
 number = {1},
 year = {1999},
 issn = {0166-218X},
 pages = {177--193},
 doi = {http://dx.doi.org/10.1016/S0166-218X(99)00039-6},
 publisher = {Elsevier Science Publishers B. V.},
 address = {Amsterdam, The Netherlands, The Netherlands},
 }

@inproceedings{AraiUrqu2000,
 author = {Noriko H. Arai and Alasdair Urquhart},
 title = {Local Symmetries in Propositional Logic},
 booktitle = {TABLEAUX '00: Proceedings of the International Conference on Automated Reasoning with Analytic Tableaux and Related Methods},
 year = {2000},
 isbn = {3-540-67697-X},
 pages = {40--51},
 publisher = {Springer-Verlag},
 address = {London, UK},
 }

@article{KZ2002,
 author = {Hans Kleine B\"{u}ning and Xishun Zhao},
 title = {Polynomial time algorithms for computing a representation for minimal unsatisfiable formulas with fixed deficiency},
 journal = {Inf. Process. Lett.},
 volume = {84},
 number = {3},
 year = {2002},
 issn = {0020-0190},
 pages = {147--151},
 doi = {http://dx.doi.org/10.1016/S0020-0190(02)00267-3},
 publisher = {Elsevier North-Holland, Inc.},
 address = {Amsterdam, The Netherlands, The Netherlands},
 }

@article{KX2005,
 author = {Hans Kleine B\"{u}ning and Daoyun Xu},
 title = {The Complexity of Homomorphisms and Renamings for Minimal Unsatisfiable Formulas},
 journal = {Annals of Mathematics and Artificial Intelligence},
 volume = {43},
 number = {1-4},
 year = {2005},
 issn = {1012-2443},
 pages = {113--127},
 doi = {http://dx.doi.org/10.1007/s10472-004-9422-3},
 publisher = {Kluwer Academic Publishers},
 address = {Hingham, MA, USA},
 }

@Article{Hell1979IntroCatGr,
  author =       {Pavol Hell},
  title =        {An introduction to the category of graphs},
  journal =      {Annals of the New York Academy of Sciences},
  year =         1979,
  volume =       328,
  pages =        {120-136},
  note =         {Topics in graph theory (New York, 1977)},
  annote =       {Kopie vorhanden.}
}

@Book{HellNesetril2004Graphhomomorphismen,
  author =       {Pavol Hell and Jaroslav Ne{\v{s}}et{\v{r}}il},
  title =        {Graphs and Homomorphisms},
  publisher =    {Oxford University Press},
  year =         2004,
  note =         {ISBN 0 19 852817 5},
  annote =       {Vorhanden.}
}

@Book{PultrTrnkov1980KombinatorikKategorien,
  author =       {A. Pultr and V. Trnkov{\'{a}}},
  title =        {Combinatorial, Algebraic and Topological Representations of Groups, Semigroups and Categories},
  publisher =    {North-Holland},
  year =         1980,
  annote =       {Besorgen.}
}

@article{FredKhach1996,
 author = {Michael L. Fredman and Leonid Khachiyan},
 title = {On the complexity of dualization of monotone disjunctive normal forms},
 journal = {J. Algorithms},
 volume = {21},
 number = {3},
 year = {1996},
 issn = {0196-6774},
 pages = {618--628},
 doi = {http://dx.doi.org/10.1006/jagm.1996.0062},
 publisher = {Academic Press, Inc.},
 address = {Duluth, MN, USA},
 }

@article {Peeters2003,
author = " R. Peeters",
title = "The Maximum Edge Biclique Problem is NP-complete",
journal = "Discrete Applied Mathematics - Elsevier",
year = "2003",
volume = "131",
pages = "651-654"
}

@article{Johnson87a,
  author    = {David S. Johnson},
  title     = {The NP-Completeness Column: An Ongoing Guide},
  journal   = {J. Algorithms},
  volume    = {8},
  number    = {3},
  year      = {1987},
  pages     = {438-448},
  bibsource = {DBLP, http://dblp.uni-trier.de}
}

@article{BeinMorBeinShiMengSud2008,
author = {D. Bein and L. Morales and W. Bein and C.O. Shields, Jr. and Z. Meng and I.H. Sudborough},
title = {Clustering and the Biclique Partition Problem},
journal ={Hawaii International Conference on System Sciences},
volume = {0},
year = {2008},
issn = {1530-1605},
pages = {475},
doi = {http://doi.ieeecomputersociety.org/10.1109/HICSS.2008.504},
publisher = {IEEE Computer Society},
address = {Los Alamitos, CA, USA},
}

@inproceedings{HeyMorShiSud2007,
author = {M. H. Heydari and L. Morales and C. O. Shields, Jr. and I. H. Sudborough},
title = {Computing Cross Associations for Attack Graphs and Other Applications},
booktitle = {HICSS '07: Proceedings of the 40th Annual Hawaii International Conference on System Sciences},
year = {2007},
isbn = {0-7695-2755-8},
pages = {270b},
doi = {http://dx.doi.org/10.1109/HICSS.2007.141},
publisher = {IEEE Computer Society},
address = {Washington, DC, USA},
}

@article{Epp1994,
 author = {David Eppstein},
 title = {Arboricity and bipartite subgraph listing algorithms},
 journal = {Inf. Process. Lett.},
 volume = {51},
 number = {4},
 year = {1994},
 issn = {0020-0190},
 pages = {207--211},
 doi = {http://dx.doi.org/10.1016/0020-0190(94)90121-X},
 publisher = {Elsevier North-Holland, Inc.},
 address = {Amsterdam, The Netherlands, The Netherlands},
 }

@article{XuTao2005,
 author = {Dao-Yun Xu and Zhi-Hong Tao},
 title = {Complexities of homomorphism and isomorphism for definite logic programs},
 journal = {J. Comput. Sci. Technol.},
 volume = {20},
 number = {6},
 year = {2005},
 issn = {1000-9000},
 pages = {758--762},
 doi = {http://dx.doi.org/10.1007/s11390-005-0758-x},
 publisher = {Institute of Computing Technology},
 address = {Beijing, China},
 }

@article{FedHell1998,
 author = {Tomas Feder and Pavol Hell},
 title = {List homomorphisms to reflexive graphs},
 journal = {J. Comb. Theory Ser. B},
 volume = {72},
 number = {2},
 year = {1998},
 issn = {0095-8956},
 pages = {236--250},
 doi = {http://dx.doi.org/10.1006/jctb.1997.1812},
 publisher = {Academic Press, Inc.},
 address = {Orlando, FL, USA},
 }

@Book{vanLint:CC92,
  author =       {J. H. van Lint and R. M. Watson},
  title =        {A Course in Combinatorics},
  year =         {1992},
  publisher =    {Cambridge University Press},
  address =      {Cambridge, UK},
  note =         {Prepared with AmSTeX.},
  ISBN =         {0-521-41057-6 (hardcover), 0-521-42260-4 (paperback)},
}

@book{Roman2008,
 author = {Roman},
 title = {Advanced Linear Algebra (Graduate Texts in Mathematics)},
 year = {2008},
 isbn = {0387728287},
 publisher = {Springer-Verlag New York, Inc.},
 address = {Secaucus, NJ, USA},
 }

@book{BULE99,
 author = {Buning,, Hans K. and Letterman,, T.},
 title = {Propositional Logic: Deduction and Algorithms},
 year = {1999},
 isbn = {0521630177},
 publisher = {Cambridge University Press},
 address = {New York, NY, USA},
 }


