% Oliver Kullmann, 20.10.2007

@InProceedings{Biere2004ResolveExpand,
  author = 	 {Armin Biere},
  title = 	 {Resolve and Expand},
  booktitle = 	 {Theory and Applications of Satisfiability Testing 2004},
  crossref =	 {Vancouver2004b},
  pages =	 {59-70}
}

@InProceedings{Zhang2006QBFCnfDnf,
  author =       {Lintao Zhang},
  title =        {Solving {QBF} with Combined Conjunctive and Disjunctive Normal Form},
  booktitle =    {Artificial Intelligence XXX},
  OPTcrossref =  {},
  OPTkey =       {},
  OPTpages =     {},
  year =      {2006},
  OPTeditor =    {},
  OPTvolume =    {},
  OPTnumber =    {},
  OPTseries =    {},
  OPTaddress =   {},
  OPTmonth =     {},
  OPTorganization = {},
  OPTpublisher = {},
  OPTnote =      {},
  OPTannote =    {Pdf-Datei vorhanden.}
}

@InProceedings{BubeckHKB2006Dependencies,
  author =       {Uwe Bubeck and Hans {Kleine B{\"{u}}ning}},
  title =        {Dependency Quantified {H}orn Formulas: Models and Complexity},
  booktitle =    {Theory and Applications of Satisfiability Testing - SAT 2006},
  crossref =     {Seattle2006},
  pages =        {198-211},
  annote =       {pdf-Datei zu besorgen.}
}

@InProceedings{HKBSubramaniZhao2003BooleanModels,
  author =       {Hans {Kleine B{\"{u}}ning} and K. Subramani and Xishun Zhao},
  title =        {On Boolean Models for Quantified Boolean {H}orn Formulas},
  booktitle =    {Theory and Applications of Satisfiability Testing 2003},
  crossref =     {SantaMargherita2003b},
  pages =        {93-104},
  annote =       {Pdf-Datei und Konferenzband vorhanden.}
}

@Article{KleineBueningZhao2007DeficiencyQBF,
  author =       {Hans {Kleine B{\"u}ning} and Xishun Zhao},
  title =        {An Extension of Deficiency and Minimal Unsatisfiability of Quantified Boolean Formulas},
  journal =      {Journal on Satisfiability, Boolean Modeling and Computation},
  year =         2007,
  volume =       3,
  pages =        {115--123},
  url =          {https://satassociation.org/jsat/index.php/jsat/article/download/37/32},
  annote =       {Pdf-Datei vorhanden.}
}

@InProceedings{KleineBueningZhao2006MF,
  author =       {Hans {Kleine B{\"u}ning} and Xishun Zhao},
  title =        {Minimal False Quantified Boolean Formulas},
  booktitle =    {Theory and Applications of Satisfiability Testing - SAT 2006},
  crossref =     {Seattle2006},
  pages =        {339--352},
  doi =          {10.1007/11814948_32},
  annote =       {Pdf-Datei zu besorgen.}
}
@Article{BueningZhao2008QBFFixDef,
  author =       {Hans {Kleine B{\"{u}}ning} and Xishun Zhao},
  title =        {Computational complexity of quantified {B}oolean formulas with fixed maximal deficiency},
  journal =      {Theoretical Computer Science},
  year =         2008,
  volume =       407,
  number =       {1-3},
  pages =        {448--457},
  doi =          {10.1016/j.tcs.2008.07.022},
  annote =       {Pdf-Datei vorhanden.}
}

