@techreport{Heys2001TutLinDifCryptAnal,
    author = "Howard M. Heys",
    title = "A Tutorial on Linear and Differential Cryptanalysis",
    journal = "CORR 2001-17",
    institution = "Centre for Applied Cryptographic Research, University of Waterloo",
    year = "2001"

}

@misc{git,
    author="Linus Torvalds (Creator) and Junio C Hamano (Maintainer)",
    title="git",
    howpublished = "\url{http://git.or.cz}"
}

@misc{Kullmannoklib,
    author = "Oliver Kullmann",
    title = "{OK}library",
    howpublished = "\url{http://ok-sat-library.org}"
}

@techreport{IEEE2004Wifi,
    title = "{IEEE} Std 802.11",
    author = "{IEEE}",
    institution = "{IEEE}",
    year = "2004"
}

@article{Matsui1994LinCryptDES,
    author = "Mitsuru Matsui",
    title = "Linear Cryptanalysis Method for {DES} Cipher",
    publisher = "Springer-Verlag",
    year = "1994",
    volume = "765",
    journal = "Lecture Notes in Computer Science",
    pages = "386-397"
}


@techreport{Nechvatal2001AESReport,
    author = "James Nechvatal and Elaine Barker and Lawrence Bassham and William
    Burr and Morris Dworkin and James Foti and Edward Roback",
    title = "Report on the Development of the Advanced Encryption Standard
    ({AES})",
    journal = "Journal of Research of the National Institute of Standards and
    Technology",
    volume = "106",
    year = "2001",
    institution = "{NIST}",
    note = "\url{http://nvl.nist.gov}"
}

@book{Weintraub2000GalThe,
    author = "Steven H. Weintraub",
    title = "Galois Theory",
    year = "2000",
    publisher = "Springer",
    pages = "7-8"
}


@article{Schneier2000SSBlockCA, 
   author = "Bruce Schneier", 
   title = "A SELF-STUDY COURSE IN BLOCK-CIPHER CRYPTANALYSIS", 
   year = "2000", 
   pages = "18-33",
   journal = "Cryptologia"
}

@article{NIST2002AES,
    author = "NIST",
    title   = "ADVANCED ENCRYPTION STANDARD ({AES})",
    year    = "2002",
    journal = "FIPS PUB 197"
}

@techreport{CNSS2004NSA,
    author = "CNSS",
    title = "{CNSS} Policy No. 15, Fact Sheet No. 1",
    institution = "CNSS", 
    year = "2003",
    note = "National Policy on the Use of the Advanced Encryption Standard
            (AES) to Protect National Security Systems and National Security
            Information"
}

@article{Massacci2000DESSAT,
    author  = "Fabio Massacci And Laura Marraro",
    title   = "Logical Cryptanalysis as a {SAT} Problem",
    year    = "2000",
    journal = "Journal of Automated Reasoning",
    pages   = "165-203"
}


@conference{Jovani2005LogAnalHash,
    author  = "Dejan Jovani\'{c} and Predrag Jan\v{c}i\'{c}",
    title   = "Logical Analysis of Hash Functions",
    year    = "2005",
    booktitle = "Frontiers of combining systems",
    pages   = "200-215"
}

@misc{SAT2007,
    title = "{SAT} 2007",
    key = "{SAT}",
    note = "\url{http://www.satcompetition.org/2007/}"
}

@misc{KullmannNotes,
    title = "CS342 Constraint Satisfaction and Applications",
    author = "Oliver Kullmann",
    note = "\url{http://cs.swan.ac.uk/~csoliver/SAT200708/index.html}"
}

@conference{Mironov2006SATHash,
    author  = "Ilya Mironov and Lintao Zhang",
    title   = "Applications of {SAT} Solvers to Cryptanalysis of Hash Functions",
    year    = "2006",
    booktitle = "Theory and Applications of Satisfiability Testing",
    pages   = "102-115"
}

@inproceedings{Jackson1992CompPrimImp,
 author = "Peter Jackson",
 title = "Computing prime implicates",
 booktitle = "{CSC} '92: Proceedings of the 1992 ACM annual conference on
 Communications",
 year = 1992,
 isbn = "0-89791-472-4",
 pages = "65-72",
 location = "Kansas City, Missouri, United States",
 doi = "http://doi.acm.org/10.1145/131214.131223",
 publisher = {ACM},
 address = "New York, NY, USA",
 }

@book{Grimaldi2004DisComMat,
 author = {Ralph P. Grimaldi},
 title = {Discrete and Combinatorial Mathematics: An Applied Introduction},
 year = {2004},
 isbn = {0201199122},
 edition="fifth",
 publisher = {Addison-Wesley Longman Publishing Co., Inc.},
 address = {Boston, MA, USA},
 }

@book{Hinman2005FunMatLog,
 author = {Peter G. Hinman},
 title = {Fundamentals of Mathematical Logic},
 year = {2005},
 isbn = {1-56881-262-0},
 publisher = {A K Peters, Ltd.}
 }

 @book{Dustin2004AutoTest,
  author = {Elfreide Dustin and Jeff Rashka and John Paul},
  title = {Automated Software Testing : Introduction, Management and
  Performance},
  year = {2004},
  isbn = {0-201-43287-0},
  note = {0-201-43287-0},
  publisher = {Addison-Wesley},
  pages = {240-241}
}

@book{Cormen2003IntroAlg,
 author = "Thomas H. Cormen and Charles E. Leiserson and Ronald L. Rivest and
 Clifford Stein",
 title = "Introduction to Algorithms",
 year = 2003,
 edition = "second",
 publisher = "The MIT Press",
 isbn = "0-262-53196-8",
 note = "0-262-53196-8",
 pages = {859-861,966-1021}
}

@article{Szorenyi2007DDNFTaut,
    author = "Bal{\'a}zs Sz{\"o}r{\'e}nyi",
    title   = "Disjoint {DNF} Tautologies with Conflict Bound Two",
    year    = "2007",
    journal = "{JSAT}",
    volume = "4",
    pages = "1-14"
}

