% %%%%%%%%%%%%%%%%%%%%%%%%%%

@InCollection{GuPurdomFrancoWah1996Survey,
  author =       {Jun Gu and Paul W. Purdom and John Franco and Benjamin W. Wah},
  title =        {Algorithms for the Satisfability ({SAT}) Problem: A Survey},
  crossref =     {DIM96},
  pages =        {19--151}
}
@InCollection{IwamaTakaki1996Fastregulaer,
  author =       {Kazuo Iwama and Kazuya Takaki},
  title =        {Satisfiability of {3CNF} formulas},
  crossref =     {DIM96},
  pages =        {315-333}
}

@Proceedings{DIM96,
  title =        "Satisfiability Problem: Theory and Applications (DIMACS Workshop March 11-13, 1996)",
  booktitle =    {Satisfiability Problem: Theory and Applications (DIMACS Workshop March 11-13, 1996)},
  year =         1997,
  editor =       "Dingzhu Du and Jun Gu and Panos M. Pardalos",
  volume =       35,
  series =       "DIMACS Series in Discrete Mathematics and Theoretical Computer Science",
  publisher =    "American Mathematical Society",
  ISBN = {0-8218-0479-0},
  annote = {Vorhanden.}
}

% %%%%%%%%%%%%%%%%%%%%%%%%%%


@Book{GMW2000,
  editor =       {Ian Gent and Hans van Maaren and Toby Walsh},
  title =        {SAT2000: Highlights of Satisfiability Research in the Year 2000},
  publisher =    {IOS Press},
  year =         2000,
  volume =       63,
  series =       {Frontiers in Artificial Intelligence and Applications},
  address =      {Amsterdam},
  ISBN =         {1 58603 061 2},
  annote =       {Vorhanden.}
}


@TechReport{DHIV2000,
  author =       {Evgeny Y. Dantsin and Edward A. Hirsch and Sergei. V. Ivanov and Maxim A. Vsemirnov},
  title =        {Algorithms for {SAT} and Upper Bounds on Their Complexit},
  institution =  {Electronic Colloquium on Computational Complexity},
  year =         2001,
  number =       {TR01-012},
  month =        {February},
  annote =       {Vorhanden als ps-Datei. Siehe Bearbeitung in "SATAlg" im Ordner "Genauer".}
}



@PhdThesis{WaD1999,
  author =       {Johannes Pieter Warners},
  title =        {Nonlinear Approaches to Satisfiability Problems},
  school =       {Eindhoven University of Technology},
  year =         1999,
  ISBN =         {90-9012936-7},
  annote =       {Vorhanden. Siehe Bearbeitung in "SATAlg" im Ordner "Genauer".}
}


@Misc{AI1996,
  title =        {Artificial Intelligence, Volume 81},
  year =         1996,
  note =         {Special Volume on Frontiers in Problem Solving: Phase transitions and Complexity; Guest Editors Tad Hogg, Bernardo A. Hubermann, Colin P. Williams},
  annote =       {QA 1 A647 Bibliothek Swansea}
}


@
@Booklet{SAT2004Comp,
  title =        {SAT 2004 Competition: Solver Descriptions},
  year =         2004,
  note =         {Organizing committee: Daniel Le Berre and Laurent Simon},
  annote =       {Vorhanden.}
}

@Proceedings{CP2002,
  title =        {Principles and Practice of Constraint Programming --- CP 2002},
  year =         2002,
  editor =       {Pascal Van Hentenryck},
  volume =       2470,
  series =       {Lecture Notes in Computer Science},
  publisher =    {Springer}
}

@Proceedings{CP2005,
  title =        {Principles and Practice of Constraint Programming --- CP 2005},
  year =         2005,
  editor =       {Peter van Beek},
  volume =       3709,
  series =       {Lecture Notes in Computer Science},
  publisher =    {Springer},
  ISBN = {3-540-29238-1}
}

@Book{GiunchigliaWalsh2006SAT2005,
  editor =       {Enrico Giunchiglia and Toby Walsh},
  title =        {SAT 2005: Satisfiability Research in the Year 2005},
  publisher =    {Springer},
  year =         2006,
  note =         {reprinted from Journal of Automated Reasoning, Vol.~35, Nos.~1-3, 2006},
  ISBN =         {978-1-4020-4552-3},
  annote =       {Vorhanden.}
}

% %%%%%%%%%%%%%%%%%%%%%%%%%%%%%%%%%%%%%%%%%%%%%%%%%

@InCollection{FM09HBSAT,
   Author = {Franco, John and Martin, John},
   Title = {A History of Satisfiability},
   booktitle = {Handbook of Satisfiability},
   Chapter = {1},
   Pages = {3--74},
   Crossref = {2008HandbuchSAT},
   doi = {10.3233/978-1-58603-929-5-3}
}

@InCollection{Pre09HBSAT,
   Author = {Prestwich, Steven},
   Title = {{CNF} Encodings},
   booktitle = {Handbook of Satisfiability},
   Chapter = {2},
   Pages = {75--97},
   Crossref = {2008HandbuchSAT},
   doi = {10.3233/978-1-58603-929-5-75}
}

@InCollection{DP09HBSAT,
   Author = {Darwiche, Adnan and Pipatsrisawat, Knot},
   Title = {Complete Algorithms},
   booktitle = {Handbook of Satisfiability},
   Chapter = {3},
   Pages = {99--130},
   Crossref = {2008HandbuchSAT},
   doi = {10.3233/978-1-58603-929-5-99}
}

@InCollection{MSLM09HBSAT,
   Author = {Marques-Silva, Joao P. and Lynce, Ines and Malik, Sharad},
   Title = {Conflict-Driven Clause Learning {SAT} Solvers},
   booktitle = {Handbook of Satisfiability},
   Chapter = {4},
   Pages = {131--153},
   Crossref = {2008HandbuchSAT},
   doi = {10.3233/978-1-58603-929-5-131}
}

@InCollection{HvM09HBSAT,
   Author = {Heule, Marijn J. H. and van Maaren, Hans},
   Title = {Look-Ahead Based {SAT} Solvers},
   Chapter = {5},
   booktitle = {Handbook of Satisfiability},
   Pages = {155--184},
   Crossref = {2008HandbuchSAT},
   doi = {10.3233/978-1-58603-929-5-155}
}

@InCollection{KSS09HBSAT,
   Author = {Kautz, Henry A. and Sabharwal, Ashish and Selman, Bart},
   Title = {Incomplete Algorithms},
   booktitle = {Handbook of Satisfiability},
   Chapter = {6},
   Pages = {185--203},
   Crossref = {2008HandbuchSAT},
   doi = {10.3233/978-1-58603-929-5-185}
}

@InCollection{Ach09HBSAT,
   Author = {Achlioptas, Dimitris},
   Title = {Random Satisfiability},
   booktitle = {Handbook of Satisfiability},
   Chapter = {8},
   Pages = {245--270},
   Crossref = {2008HandbuchSAT},
   doi = {10.3233/978-1-58603-929-5-245}
}

@InCollection{GS09HBSAT,
   Author = {Gomes, Carla P. and Sabharwal, Ashish},
   Title = {Exploiting Runtime Variation in Complete Solvers},
   booktitle = {Handbook of Satisfiability},
   Chapter = {9},
   Pages = {271--288},
   Crossref = {2008HandbuchSAT},
   doi = {10.3233/978-1-58603-929-5-271}
}

@InCollection{Sak09HBSAT,
   Author = {Sakallah, Karem A.},
   Title = {Symmetry and Satisfiability},
   booktitle = {Handbook of Satisfiability},
   Chapter = {10},
   Pages = {289--338},
   Crossref = {2008HandbuchSAT},
   doi = {10.3233/978-1-58603-929-5-289}
}

@InCollection{DH09HBSAT,
   Author = {Dantsin, Evgeny and Hirsch, Edward A.},
   Title = {Worst-Case Upper Bounds},
   booktitle = {Handbook of Satisfiability},
   Chapter = {12},
   Pages = {403--424},
   Crossref = {2008HandbuchSAT},
   doi = {10.3233/978-1-58603-929-5-403}
}

@InCollection{SS09HBSAT,
   Author = {Samer, Marko and Szeider, Stefan},
   Title = {Fixed-Parameter Tractability},
   booktitle = {Handbook of Satisfiability},
   Chapter = {13},
   Pages = {425--454},
   Crossref = {2008HandbuchSAT},
   doi = {10.3233/978-1-58603-929-5-425}
}

@InCollection{Bie09HBSAT,
   Author = {Biere, Armin},
   Title = {Bounded Model Checking},
   booktitle = {Handbook of Satisfiability},
   Chapter = {14},
   Pages = {455--481},
   Crossref = {2008HandbuchSAT},
   doi = {10.3233/978-1-58603-929-5-457}
}

@InCollection{Rin09HBSAT,
   Author = {Rintanen, Jussi},
   Title = {Planning and {SAT}},
   booktitle = {Handbook of Satisfiability},
   Chapter = {15},
   Pages = {483--504},
   Crossref = {2008HandbuchSAT},
   doi = {10.3233/978-1-58603-929-5-483}
}

@InCollection{Kro09HBSAT,
   Author = {Kroening, Daniel},
   Title = {Software Verification},
   booktitle = {Handbook of Satisfiability},
   Chapter = {16},
   Pages = {505--532},
   Crossref = {2008HandbuchSAT},
   doi = {10.3233/978-1-58603-929-5-505}
}

@InCollection{Zha09HBSAT,
   Author = {Zhang, Hantao},
   Title = {Combinatorial Designs by {SAT} Solvers},
   booktitle = {Handbook of Satisfiability},
   Chapter = {17},
   Pages = {533--568},
   Crossref = {2008HandbuchSAT},
   doi = {10.3233/978-1-58603-929-5-533}
}

@InCollection{AMSZ09HBSAT,
   Author = {Altarelli, Fabrizio and Monasson, R{\'e}mi and Semerjian, Guilhem and Zamponi, Francesco},
   Title = {Connections to Statistical Physics},
   booktitle = {Handbook of Satisfiability},
   Chapter = {18},
   Pages = {569--611},
   Crossref = {2008HandbuchSAT},
   doi = {10.3233/978-1-58603-929-5-569}
}

@InCollection{LM09HBSAT,
   Author = {Li, Chu Min and Many{\`a}, Felip},
   Title = {{MaxSAT}, Hard and Soft Constraints},
   booktitle = {Handbook of Satisfiability},
   Chapter = {19},
   Pages = {613--631},
   Crossref = {2008HandbuchSAT},
   doi = {10.3233/978-1-58603-929-5-613}
}

@InCollection{GSS09HBSAT,
   Author = {Gomes, Carla P. and Sabharwal, Ashish and Selman, Bart},
   Title = {Model Counting},
   booktitle = {Handbook of Satisfiability},
   Chapter = {20},
   Pages = {633--654},
   Crossref = {2008HandbuchSAT},
   doi = {10.3233/978-1-58603-929-5-633}
}

@InCollection{DJN09HBSAT,
   Author = {Drechsler, Rolf and Junttila, Tommi and Niemel{\"a}, Ilkka},
   Title = {Non-Clausal {SAT} and {ATPG}},
   booktitle = {Handbook of Satisfiability},
   Chapter = {21},
   Pages = {655--693},
   Crossref = {2008HandbuchSAT},
   doi = {10.3233/978-1-58603-929-5-655}
}

@InCollection{RM09HBSAT,
   Author = {Roussel, Olivier and Manquinho, Vasco},
   Title = {Pseudo-Boolean and Cardinality Constraints},
   booktitle = {Handbook of Satisfiability},
   Chapter = {22},
   Pages = {695--733},
   Crossref = {2008HandbuchSAT},
   doi = {10.3233/978-1-58603-929-5-695}
}

@InCollection{KBB09HBSAT,
   Author = {Hans {Kleine B{\"u}ning} and Uwe Bubeck},
   Title = {Theory of Quantified Boolean Formulas},
   booktitle = {Handbook of Satisfiability},
   Chapter = {23},
   Pages = {735--760},
   Crossref = {2008HandbuchSAT},
   doi = {10.3233/978-1-58603-929-5-735}
}

@InCollection{GMN09HBSAT,
   Author = {Giunchiglia, Enrico and Marin, Paolo and Narizzano, Massimo},
   Title = {Reasoning with Quantified Boolean Formulas},
   booktitle = {Handbook of Satisfiability},
   Chapter = {24},
   Pages = {761--780},
   Crossref = {2008HandbuchSAT},
   doi = {10.3233/978-1-58603-929-5-761}
}

@InCollection{ST09HBSAT,
   Author = {Sebastiani, Roberto and Tacchella, Armando},
   Title = {{SAT} Techniques for Modal and Description Logics},
   booktitle = {Handbook of Satisfiability},
   Chapter = {25},
   Pages = {781--824},
   Crossref = {2008HandbuchSAT},
   doi = {10.3233/978-1-58603-929-5-781}
}

@InCollection{BSST09HBSAT,
   Author = {Barrett, Clark and Sebastiani, Roberto and Seshia, Sanjit A. and Tinelli, Cesare},
   Title = {Satisfiability Modulo Theories},
   booktitle = {Handbook of Satisfiability},
   Chapter = {26},
   Pages = {825--885},
   Crossref = {2008HandbuchSAT},
   doi = {10.3233/978-1-58603-929-5-825}
}

@InCollection{Maj09HBSAT,
   Author = {Majercik, Stephen M.},
   Title = {Stochastic Boolean Satisfiability},
   booktitle = {Handbook of Satisfiability},
   Chapter = {27},
   Pages = {887--925},
   Crossref = {2008HandbuchSAT},
   doi = {10.3233/978-1-58603-929-5-887}
}

@Book{2008HandbuchSAT,
  editor =    {Armin Biere and Marijn J.H. Heule and Hans van Maaren and Toby Walsh},
  title =     {Handbook of Satisfiability},
  booktitle = {Handbook of Satisfiability},
  publisher = {IOS Press},
  year =      2009,
  Month =     {February},
  Volume =    {185},
  ISBN =      {978-1-58603-929-5},
  ISSN =      {0922-6389},
  Series =    {Frontiers in Artificial Intelligence and Applications},
  Pages =     {980},
  annote =    {Vorhanden (auch als pdf-Dateien).}
}


% %%%%%%%%%%%%%%%%%%%%%%%%%%%%%%%%%%%%%%%%%%%%%%%%%%%%%%%%%%5

@PhdThesis{Heule2008PhD,
  author =       {Marijn J.H. Heule},
  title =        {SMART solving: Tools and techniques for satisfiability solvers},
  school =       {Technische Universiteit Delft},
  year =         2008,
  ISBN =         {978-90-9022877-8},
  annote =       {Vorhanden.}
}

@Proceedings{DIM93,
  title =        "Cliques, Coloring, and Satisfiability",
  year =         1996,
  editor =       "David S. Johnson and Michael A. Trick",
  volume =       26,
  series =       "DIMACS Series in Discrete Mathematics and
                  Theoretical Computer Science",
  publisher =    "American Mathematical Society",
  note =         "The Second DIMACS Challenge"
}


% %%%%%%%%%%%%%%%%%
% % SAT-Konferenz %
% %%%%%%%%%%%%%%%%%

@Proceedings{Siena96,
  title =        "Workshop on the Satisfiability Problem",
  booktitle =    "Workshop on the Satisfiability Problem",
  year =         1996,
  editor =       "John Franco and Giorgio Gallo and Hans {Kleine B{\"u}ning} and Ewald Speckenmeyer and Cosimo Spera",
  publisher =    "Universit{\"a}t zu K{\"o}ln, Report No. 96-230",
  note =         "Siena, April 29 - May 3 (1996)",
  annote =       "Vorhanden."
}

@Proceedings{Ering98,
  title =        {Second Workshop On The Satisfiability Problem},
  booktitle =    {Second Workshop On The Satisfiability Problem},
  year =         1998,
  editor =       {John Franco and Giorgio Gallo and Hans {Kleine B{\"u}ning} and Ewald Speckenmeyer},
  note =         {Eringerfeld (Germany), May 10 - 14 (1998)},
  annote =       {Vorhanden.}
}

@Misc{LICS2001,
  title =        {Electronic Notes in Discrete Mathematics (ENDM), Volume 9},
  booktitle =    {Electronic Notes in Discrete Mathematics (ENDM), Volume 9},
  year =         2001,
  note =         {Special Volume on LICS 2001 Workshop on Theory and Applications of Satisfiability Testing (SAT 2001); edited by Henry Kautz and Bart Selman}
}

@Proceedings{Cincinnati2002,
  title =        {Fifth International Symposium on Theory and Applications of Satisfiability Testing},
  booktitle =    {Fifth International Symposium on Theory and Applications of Satisfiability Testing},
  year =         2002,
  editor =       {John Franco and Henry Kautz and Hans {Kleine B{\"{u}}ning} and Hans van Maaren and Bart Selman and Ewald Speckenmeyer},
  note =         {University of Cincinnati (USA), May 6, 2002 to May 9, 2002},
  annote =       {Vorhanden. Auch alle ps-Dateien.}
}
@Proceedings{Cincinnati2002kurz,
  title =        {Fifth International Symposium on Theory and Applications of Satisfiability Testing},
  booktitle =    {Fifth International Symposium on Theory and Applications of Satisfiability Testing},
  year =         2002,
  editor =       {John Franco and Henry Kautz and Hans {Kleine B{\"{u}}ning} and Hans van Maaren and Bart Selman and Ewald Speckenmeyer}
}

@Proceedings{SantaMargherita2003,
  title =        {Sixth International Conference on Theory and Applications of Satisfiability Testing},
  booktitle =    {Sixth International Conference on Theory and Applications of Satisfiability Testing},
  year =         2003,
  editor =       {John Franco and Enrico Giunchiglia and Henry Kautz and Hans {Kleine B{\"{u}}ning} and Hans van Maaren and Bart Selman and Ewald Speckenmeyer},
  address =      {Santa Margherita Ligure -- Portofino (Italy)},
  month =        {May},
  annote =       {Vorhanden.}
}
@Proceedings{SantaMargherita2003b,
  title =        {Theory and Applications of Satisfiability Testing 2003},
  booktitle =    {Theory and Applications of Satisfiability Testing 2003},
  year =         2004,
  editor =       {Enrico Giunchiglia and Armando Tacchella},
  volume =       2919,
  series =       {Lecture Notes in Computer Science},
  address =      {Berlin},
  publisher =    {Springer},
  ISBN =         {3-540-20851-8},
  doi =          {10.1007/b95238},
  annote =       {Vorhanden.}
}

@Proceedings{Vancouver2004,
  title =        {The Seventh International Conference on Theory and Applications of Satisfiability Testing},
  booktitle =    {The Seventh International Conference on Theory and Applications of Satisfiability Testing},
  year =         2004,
  editor =       {Holger H. Hoos and David G. Mitchell},
  address =      {Vancouver, British Columbia, Canada},
  month =        {May},
  annote =       {Vorhanden.}
}
@Proceedings{Vancouver2004b,
  title =        {Theory and Applications of Satisfiability Testing 2004},
  booktitle =    {Theory and Applications of Satisfiability Testing 2004},
  year =         2005,
  editor =       {Holger H. Hoos and David G. Mitchell},
  volume =       3542,
  series =       {Lecture Notes in Computer Science},
  address =      {Berlin},
  publisher =    {Springer},
  ISBN =         {3-540-27829-X},
  doi =          {10.1007/11527695},
  annote =       {Vorhanden.}
}

@Proceedings{StAndrews2005,
  title =        {Theory and Applications of Satisfiability Testing 2005},
  booktitle =    {Theory and Applications of Satisfiability Testing 2005},
  year =         2005,
  editor =       {Fahiem Bacchus and Toby Walsh},
  volume =       3569,
  series =       {Lecture Notes in Computer Science},
  address =      {Berlin},
  publisher =    {Springer},
  ISBN =         {3-540-26276-8},
  doi =          {10.1007/b137280},
  annote =       {Vorhanden.}
}

@Proceedings{Seattle2006,
  title =        {Theory and Applications of Satisfiability Testing - SAT 2006},
  booktitle =    {Theory and Applications of Satisfiability Testing - SAT 2006},
  year =         2006,
  editor =       {Armin Biere and Carla P. Gomes},
  volume =       4121,
  series =       {Lecture Notes in Computer Science},
  publisher =    {Springer},
  ISBN =         {3-540-37206-7},
  doi =          {10.1007/11814948},
  annote =       {Vorhanden.}
}

@Proceedings{Lisbon2007,
  title =        {Theory and Applications of Satisfiability Testing - SAT 2007},
  booktitle =    {Theory and Applications of Satisfiability Testing - SAT 2007},
  year =         2007,
  editor =       {Joao Marques-Silva and Karem A. Sakallah},
  volume =       4501,
  series =       {Lecture Notes in Computer Science},
  publisher =    {Springer},
  ISBN =         {978-3-540-72787-3},
  doi =          {10.1007/978-3-540-72788-0},
  annote =       {Vorhanden.}
}

@Proceedings{Guangzhou2008,
  title =        {Theory and Applications of Satisfiability Testing - SAT 2008},
  booktitle =    {Theory and Applications of Satisfiability Testing - SAT 2008},
  year =         2008,
  editor =       {Hans {Kleine B{\"{u}}ning} and Xishun Zhao},
  volume =       4996,
  series =       {Lecture Notes in Computer Science},
  publisher =    {Springer},
  ISBN =         {978-3-540-79718-0},
  doi =          {10.1007/978-3-540-79719-7},
  annote =       {Vorhanden.}
}

@Proceedings{Swansea2009,
  title =        {Theory and Applications of Satisfiability Testing - SAT 2009},
  booktitle =    {Theory and Applications of Satisfiability Testing - SAT 2009},
  year =         2009,
  editor =       {Oliver Kullmann},
  volume =       5584,
  series =       {Lecture Notes in Computer Science},
  publisher =    {Springer},
  ISBN =         {978-3-642-02776-5},
  doi =          {10.1007/978-3-642-02777-2},
  annote =       {Vorhanden.}
}

@Proceedings{Edinburgh2010,
  title =        {Theory and Applications of Satisfiability Testing - SAT 2010},
  booktitle =    {Theory and Applications of Satisfiability Testing - SAT 2010},
  year =         2010,
  editor =       {Ofer Strichman and Stefan Szeider},
  volume =       {6175},
  series =       {Lecture Notes in Computer Science},
  publisher =    {Springer},
  ISBN =         {978-3-642-14185-0},
  doi =          {10.1007/978-3-642-14186-7},
  annote =       {Vorhanden.}
}

@Proceedings{AnnArbor2011,
  title =        {Theory and Applications of Satisfiability Testing - SAT 2011},
  booktitle =    {Theory and Applications of Satisfiability Testing - SAT 2011},
  year =         2011,
  editor =       {Karem A. Sakallah and Laurent Simon},
  volume =       {6695},
  series =       {Lecture Notes in Computer Science},
  publisher =    {Springer},
  ISBN =         {978-3-642-14185-0},
  doi =          {10.1007/978-3-642-21581-0},
  annote =       {Pdf-Sammlung vorhanden.}
}

@Proceedings{Trento2012,
  title =        {Theory and Applications of Satisfiability Testing - SAT 2012},
  booktitle =    {Theory and Applications of Satisfiability Testing - SAT 2012},
  year =         2012,
  editor =       {Alessandro Cimatti and Roberto Sebastiani},
  volume =       {7317},
  series =       {Lecture Notes in Computer Science},
  publisher =    {Springer},
  ISBN =         {978-3-642-31611-1},
  doi =          {10.1007/978-3-642-31612-8},
  annote =       {Zu besorgen.}
}

@proceedings{Helsinki2013,
  editor    = {Matti J{\"a}rvisalo and Allen Van Gelder},
  title     = {Theory and Applications of Satisfiability Testing - SAT 2013},
  booktitle = {Theory and Applications of Satisfiability Testing - SAT 2013},
  publisher = {Springer},
  series    = {Lecture Notes in Computer Science},
  volume    = {7962},
  year      = {2013},
  isbn      = {978-3-642-39070-8},
  doi       = {10.1007/978-3-642-39071-5}
}

@proceedings{Wien2014,
  editor    = {Uwe Egly and Carsten Sinz},
  title     = {Theory and Applications of Satisfiability Testing - SAT 2014},
  booktitle = {Theory and Applications of Satisfiability Testing - SAT 2014},
  publisher = {Springer},
  series    = {Lecture Notes in Computer Science},
  volume    = {8561},
  year      = {2014},
  isbn      = {978-3-319-09283-6},
  doi       = {10.1007/978-3-319-09284-3}
}

@proceedings{Austin2015,
  editor    = {Marijn H. Heule and Sean Weaver},
  title     = {Theory and Applications of Satisfiability Testing - SAT 2015},
  booktitle = {Theory and Applications of Satisfiability Testing - SAT 2015},
  publisher = {Springer},
  series    = {Lecture Notes in Computer Science},
  volume    = {9340},
  year      = {2015},
  isbn      = {978-3-319-24317-7},
  doi       = {10.1007/978-3-319-24318-4}
}

@proceedings{Bordeaux2016,
  editor    = {Nadia Creignou and Daniel Le Berre},
  title     = {Theory and Applications of Satisfiability Testing - SAT 2016},
  booktitle = {Theory and Applications of Satisfiability Testing - SAT 2016},
  publisher = {Springer},
  series    = {Lecture Notes in Computer Science},
  volume    = {???},
  year      = {2016},
  isbn      = {978-3-319-???},
  doi       = {10.1007/978-3-319-???}
}


% %%%%%%%%%%%%%%%
% % SAT-Buecher %
% %%%%%%%%%%%%%%%

@Book{Bi93,
  author =       "Wolfgang Bibel",
  title =        "Deduction: Automated Logic",
  publisher =    "Acadamic Press, Orlando, Fla",
  year =         1993
}

@Book{KlLe94,
  author =       {Hans {Kleine B{\"u}ning} and Theodor Lettmann},
  title =        {Aussagenlogik: Deduktion und Algorithmen},
  publisher =    {B.G. Teubner Stuttgart},
  year =         1994,
  series =       {Leitf\"aden und Monographen der Informatik},
  ISBN =         {3-519-02133-1},
  annote =       {Vorhanden.}
}
@Book{KlLe99,
  author =       {Hans {Kleine B{\"{u}}ning} and Theodor Lettmann},
  title =        {Propositional Logic: Deduction and Algorithms},
  publisher =    {Cambridge University Press},
  year =         1999,
  annote =       {Uebersetzung von \cite{KlLe94}. U of T, Engineering Lib: QA 76.9 .L63P76 Swansea LIS: QA 9.3 Bun}
}

@Book{Tr98,
  author =       {Klaus Truemper},
  title =        {Effective Logic Computation},
  publisher =    {A Wiley-Interscience Publication},
  year =         1998,
  ISBN =         {0-471-23886-4},
  annote =       {Gekauft. Siehe Bearbeitung unter "TruemperLogic" im Ordner "Genauer".}
}

@Book{CH1999,
  author =       {Vijay Chandru and John N. Hooker},
  title =        {Optimization Methods for Logical Inference},
  publisher =    {John Wiley \& Sons, Inc.},
  year =         1999,
  series =       {Wiley-Interscience Series in Discrete Mathematics and Optimization},
  address =      {New York},
  ISBN =     {0-471-57035-4},
  annote =       {Vorhanden. Siehe Besprechung in "OptMLogInf" im Ordner "Genauer".}
}

@Book{CKS2001,
  author =       {Nadia Creignou and Sanjeev Khanna and Madhu Sudan},
  title =        {Complexity Classifications of Boolean Constraint Satisfaction Problems},
  publisher =    {SIAM Society for Industrial and Applied Mathematics},
  year =         2001,
  series =       {Monographs on Discrete Mathematics and Applications},
  address =      {Philadelphia},
  ISBN =     {0-89871-479-6},
  annote =       {Vorhanden. Siehe Besprechung unter "CCBoolConstr" im Ordner "Genauer".}
}

@Book{HoosStuetzle2004SLS,
  author =       {Holger H. Hoos and Thomas St{\"{u}}tzle},
  title =        {Stochastic Local Search: Foundations and Applications},
  publisher =    {Morgan Kaufmann Publishers},
  year =         2004,
  ISBN =         {1-55860-872-9},
  annote =       {Vorhanden.}
}

@Book{Marek2009Satisfiability,
  author =       {Victor W. Marek},
  title =        {Introduction to Mathematics of Satisfiability},
  publisher =    {Chapman \& Hall/CRC},
  year =         2009,
  series =       {Studies in Informatics},
  ISBN =         {978-1-4398-0167-3},
  annote =       {Vorhanden; auch Pdf-Datei vorhanden.}
}

