Book{HMA74,
  author =       {Karl Heinrich Hofmann and Michael Mislove and Albert Stralka},
  title =        {The Prontryagin Duality of Compact O-Dimensional Semilattices and its Applications},
  publisher =    {Springer-Verlag},
  year =         1974,
  volume =       396,
  series =       {Lecture Notes in Mathematics},
  annote =       {Mathe-Bibliothek UofT;  22.4.2000}
}

@Book{Bi1995,
  author =       {Garret Birkhoff},
  title =        {Lattice Theory},
  publisher =    {American Mathematical Society},
  year =         1995,
  volume =       25,
  series =       {Colloquium Publications},
  address =      {Providence, Rhode Island},
  edition =      {Third},
  note =         {First Edition 1940},
  annote =       {Vorhanden.}
}

@Book{Graetzer2003LatticeTheory,
  author =       {George Gr{\"{a}}tzer},
  title =        {General Lattice Theory},
  publisher =    {Birkh{\"{a}}user Verlag},
  year =         2003,
  address =      {Basel},
  edition =      {Second},
  note =         {ISBN 3-7643-6996-5},
  annote =       {Vorhanden.}
}

@Book{Erne1982Ordnungstheorie,
  author =       {Marcel Ern{\'e}},
  title =        {Einf{\"u}hrung in die Ordnungstheorie},
  publisher =    {Bibliographisches Institut},
  year =         1982,
  address =      {Mannheim},
  note =         {ISBN 3-411-01638-8},
  annote =       {Vorhanden.}
}

@Article{KirklandPullman1992BoolescheSpektraltheorie,
  author =       {Stephen Kirkland and Norman J. Pullman},
  title =        {Boolean Spectral Theory},
  journal =      {Linear Algebra and its Applications},
  year =         1992,
  volume =       175,
  pages =        {177-190},
  annote =       {Kopie vorhanden.}
}

@Book{Halmos1963Boolean,
  author =       {Paul R. Halmos},
  title =        {Lectures on Boolean Algebras},
  publisher =    {Springer-Verlag},
  year =         1974,
  address =      {New York},
  note =         {ISBN 0-387-90094-2; QA10.3.H34 1974; originally published 1963},
  annote =       {Vorhanden.}
}
@Book{GivantHalmos2009Boolean,
  author =       {Steven Givant and Paul Halmos},
  title =        {Introduction to Boolean Algebras},
  publisher =    {Springer},
  year =         2009,
  series =       {Undergraduate Texts in Mathematics},
  note =         {ISBN: 978-0-387-40293-2},
  annote =       {Vorhanden.}
}

@Book{DaveyPriestley1990Lattices,
  author =       {B.A. Davey and H.A. Priestley},
  title =        {Introduction to Lattices and Order},
  publisher =    {Cambridge University Press},
  year =         1990,
  note =         {ISBN 0 521 36766 2},
  annote =       {Vorhanden.}
}

@Book{Blyth2005Ordnungen,
  author =       {T.S. Blyth},
  title =        {Lattices and Ordered Algebraic Structures},
  publisher =    {Springer},
  year =         2005,
  series =       {Universitext},
  note =         {ISBN 1-85233-905-5; QA172.B58},
  annote =       {Vorhanden.}
}

@Book{Vickers1989FormalTopology,
  author =       {Steven Vickers},
  title =        {Topology Via Logic},
  publisher =    {Cambridge University Press},
  year =         1989,
  volume =       6,
  series =       {Cambridge Tracts in Theoretical Computer Science},
  note =         {ISBN 0 521 57651 2 (paperback edition)},
  annote =       {Vorhanden.}
}

@Book{PadmanabhanRudeanu2008Axioms,
  author =       {R Padmanabhan and S Rudeanu},
  title =        {Axioms for Lattices and Boolean Algebras},
  publisher =    {World Scientific},
  year =         2008,
  note =         {ISBN-13 978-981-283-454-6},
  annote =       {Vorhanden.}
}

@Book{Monk1996CardinalInvariants,
  author =       {J. Donald Monk},
  title =        {Cardinal Invariants on Boolean Algebras},
  publisher =    {Birkh\"auser},
  year =         2010,
  series =       {Modern Birkh\"auser Classics},
  note =         {ISBN 978-3-0346-0333-1; originally published 1996},
  annote =       {Vorhanden.}
}

@Unpublished{Monk2004BriefIntroduction,
  author =       {J. Donald Monk},
  title =        {A brief introduction to Boolean algebras},
  note =         {Seminar notes, fall 1990},
  url =          {http://euclid.colorado.edu/~monkd/seminar04.ps.gz},
  month =        {January},
  year =         2004,
  annote =       {Ps-Datei vorhanden.}
}

@Article{BruijnTengbergenKruyswijk1951Divisors,
  author =       {N.G. de Bruijn and C. van Ebbenhorst Tengbergen and D. Kruyswijk},
  title =        {On the set of divisors of a number},
  journal =      {Nieuw Archief voor Wiskunde, 2nd series},
  year =         1951,
  volume =       23,
  pages =        {191--193},
  annote =       {Zu besorgen.}
}
