% Oliver Kullmann, 28.10.2003 (Swansea)
% Abschnitte (Sections):
% - Allgemeine Lehrbuecher
% - Additive Zahlentheorie
% - Smarandache
% - Meta-Fibonacci
% - Primzahlen
% - Arithmetische Funktionen


% %%%%%%%%%%%%%%%%%%%%%%%%%%
% % Allgemeine Lehrbuecher %
% %%%%%%%%%%%%%%%%%%%%%%%%%%


@Misc{Sloane2008OEIS,
  author =       {Neil J.A. Sloane},
  title =        {The {O}n-{L}ine {E}ncyclopedia of {I}nteger {S}equences ({OEIS})},
  year =         2008,
  url =          {http://oeis.org/}
}

@Book{IrelandRosen1990NumberTheory,
  author =	 {Kenneth Ireland and Michael Rosen},
  title = 	 {A Classical Introduction to Modern Number Theory},
  publisher = 	 {Springer-Verlag},
  year = 	 1990,
  volume =	 84,
  series =	 {Graduate Texts in Mathematics},
  address =	 {Berlin},
  edition =	 {Second},
  note =	 {ISBN 3-540-97329-X; QA241.I667},
  annote =	 {Vorhanden.}
}

@Book{Keng1982NumberTheory,
  author =	 {Hua Loo Keng},
  title = 	 {Introduction to Number Theory},
  publisher = 	 {Springer-Verlag},
  year = 	 1982,
  address =	 {Berlin},
  note =	 {ISBN 3-540-10818-1; QA241.H7513},
  annote =	 {Breite Einfuehrung. (Vorhanden Bibliothek Swanea.)}
}

@Article{Frey2002Catalan,
  author = 	 {Gerhard Frey},
  title = 	 {Der {S}atz von {P}reda {M}ih{\u{a}}ilescu: {D}ie {V}ermutung von {C}atalan ist richtig!},
  journal = 	 {Mitteilungen der Deutschen Mathematiker-Vereinigung},
  year = 	 2002,
  volume =	 4,
  pages =	 {8--13},
  annote =	 {Vorhanden.}
}

@Article{JacksonMauldin2003SteinhausTiling,
  author = 	 {Steve Jackson and R. Daniel Mauldin},
  title = 	 {Survey of the {S}teinhaus Tiling Problem},
  journal = 	 {The Bulletin of Symbolic Logic},
  year = 	 2003,
  volume =	 9,
  number =	 3,
  pages =	 {335--361},
  month =	 {September},
  annote =	 {Zeitschrift vorhanden.}
}

@Book{Sabbagh2002Riemann,
  author =	 {Karl Sabbagh},
  title = 	 {Dr. Riemann's Zeros},
  publisher = 	 {Atlantic Books},
  year = 	 2003,
  address =	 {London},
  edition =	 {Revised and corrected paperback},
  note =	 {Originally 2002; ISBN 184354 101 7},
  annote =	 {Vorhanden.}
}

@Book{Edwards1974Zeta,
  author =	 {Harold M. Edwards},
  title = 	 {Riemann's Zeta Function},
  publisher = 	 {Dover Publications},
  year = 	 2001,
  note =	 {ISBN 0-486-41740-9; QA241 .E39 2001. Unabridged republication of the edition originally published by Academic Press in 1974.},
  annote =	 {Vorhanden.}
}

@Article{Roquette2005Gruen,
  author =       {Peter Roquette},
  title =        {From {FLT} to Finite Groups: The remarkable career of {O}tto {G}r{\"{u}}n},
  journal =      {Jahresbericht der DMV},
  year =         2005,
  volume =       107,
  number =       3,
  pages =        {117--154},
  annote =       {Zeitschrift vorhanden.}
}

@Book{Dietzfelbinger2004Primzahltests,
  author =       {Martin Dietzfelbinger},
  title =        {Primality Testing in Polynomial Time: From Randomized Algorithms to ``PRIMES Is in P''},
  publisher =    {Springer},
  year =         2004,
  volume =       3000,
  series =       {Lecture Notes in Computer Science},
  note =         {ISBN 3-540-40344-2},
  annote =       {Elektronische Version vorhanden.}
}

@Book{Weil1974Zahlentheorie,
  author =       {Andr{\'{e}} Weil},
  title =        {Basic Number Theory},
  publisher =    {Springer},
  year =         1995,
  volume =       {144},
  series =       {Grundlehren der mathematischen Wissenschaften},
  note =         {ISBN 3-540-58655-5; reprint of the third edition 1974},
  annote =       {Vorhanden.}
}

@Book{HindrySilverman2000DiophantischeGeometrie,
  author =       {Marc Hindry and Joseph H. Silverman},
  title =        {Diophantine Geometry: An Introduction},
  publisher =    {Springer},
  year =         2000,
  volume =       201,
  series =       {Graduate Texts in Mathematics},
  note =         {ISBN 0-387-98975-7; QA242.5.H56},
  annote =       {Vorhanden.}
}

@Article{2006ZetaDiophant,
  author =       {Otmar Venjakob},
  title =        {K\"onnen $\zeta$-{F}unktionen diophantische {G}leichungen l\"osen? {E}ine {H}inf\"uhrung zur (nicht-kommutativen) {I}wasawa-{T}heorie},
  journal =      {DMV-Mitteilungen},
  year =         2006,
  volume =       14,
  number =       3,
  pages =        {136--141},
  annote =       {Zeitschrift vorhanden.}
}

@Book{EverestWard2005Zahlentheorie,
  author =       {Graham Everest and Thomas Ward},
  title =        {An Introduction to Number Theory},
  publisher =    {Springer},
  year =         2005,
  volume =       232,
  series =       {Graduate Texts in Mathematics},
  note =         {ISBN 1-85233-917-9},
  annote =       {Vorhanden.}
}

@Book{CrandallPomerance2005PrimeNumbers,
  author =       {Richard Crandall and Carl Pomerance},
  title =        {Prime Numbers: A Computational Perspective},
  publisher =    {Springer},
  year =         2005,
  edition =      {Second},
  note =         {ISBN-10 0-387-25282-7},
  annote =       {Vorhanden.}
}

@Book{Cohen1993NumberTheory,
  author =       {Henri Cohen},
  title =        {A Course in Computational Algebraic Number Theory},
  publisher =    {Springer},
  year =         1993,
  volume =       138,
  series =       {Graduate Texts in Mathematics},
  note =         {Fourth Printing 2000; ISBN 3-540-55640-0},
  annote =       {Vorhanden.}
}

@Article{Parker1954MultiplicativeResidues,
  author =       {E.T. Parker},
  title =        {On Multiplicative Semigroups of Residue Classes},
  journal =      {Proceedings of the American Mathematical Society},
  year =         1954,
  volume =       5,
  number =       4,
  pages =        {612--616},
  month =        {August},
  annote =       {Pdf-Datei vorhanden.}
}

@Article{HewittZuckerman1960Parker1954MultiplicativeResidues,
  author =       {Edwin Hewitt and H.S. Zuckerman},
  title =        {The multiplicative semigroup of integers modulo $m$},
  journal =      {Pacific Journal of Mathematics},
  year =         1960,
  volume =       10,
  number =       4,
  pages =        {1291--1308},
  annote =       {Pdf-Datei vorhanden.}
}


% %%%%%%%%%%%%%%%%%%%%%%%%%%
% % Additive Zahlentheorie %
% %%%%%%%%%%%%%%%%%%%%%%%%%%

@Article{Blomer2007GreenTao,
  author =       {Valentin Blomer},
  title =        {Der {S}atz von {G}reen-{T}ao},
  journal =      {Mitteilungen der Deutschen Mathematiker-Vereinigung},
  year =         2007,
  volume =       15,
  number =       3,
  pages =        {160--164},
  annote =       {Zeitschrift vorhanden.}
}

@Book{Nathanson1996Additive,
  author =       {Melvyn B. Nathanson},
  title =        {Additive Number Theory: The Classical Bases},
  publisher =    {Springer},
  year =         1996,
  volume =       164,
  series =       {Graduate Texts in Mathematics},
  note =         {ISBN 0-387-94656-X},
  annote =       {Vorhanden.}
}


% %%%%%%%%%%%%%%%
% % Smarandache %
% %%%%%%%%%%%%%%%


@Book{Smarandache1993OPNS,
  author =       {Florentin Smarandache},
  title =        {Only problems, not solutions!},
  publisher =    {Xiquan Publishing House},
  year =         1993,
  edition =      {Fourth},
  isbn =         {1-879585-00-6},
  url =          {http://www.gallup.unm.edu/~smarandache/OPNS.pdf},
  annote =       {Pdf-Datei vorhanden.}
}

@Book{Ibstedt1998ComputerNumber,
  author =       {Henry Ibstedt},
  title =        {Computer Analysis of Number Sequences},
  publisher =    {American Research Press},
  year =         1998,
  isbn =         {978-1879585591},
  url =          {http://www.gallup.unm.edu/~smarandache/Ibstedt-computer.pdf},
  annote =       {Pdf-Datei vorhanden.}
}

@Book{Kashihara1996Smarandache,
  author =       {Kenichiro Kashihara},
  title =        {Comments and Topics on Smarandache Notions and Problems},
  publisher =    {Erhus University Press},
  year =         1996,
  address =      {13333 Colossal Cave Road, Vail, Box 722, AZ 85641, USA},
  isbn =         {1-879585-55-3},
  url =          {http://webdoc.sub.gwdg.de/ebook/e/2001/gallup/www.gallup.unm.edu/smarandache/kashihara.pdf},
  annote =       {In "#16 Smarandache Primitive Numbers of Power p" findet man den (trivialen) Beweis der Characterisierung der Folgen S_p.}
}

@InCollection{WenpengLiu2002Smarandache,
  author =       {Zhang Wenpeng and Liu Duansen},
  title =        {On the primitive numbers of power ${P}$ and its asymptotic property},
  crossref =     {AllenLiuConstantinescu2002Smarandache},
  pages =        {173--175},
  annote =       {Beweist die obere Schranke (p-1)n + O(p * log_p(n)).}
}
@Book{AllenLiuConstantinescu2002Smarandache,
  editor =       {Jack Allen and Feng Liu and Drago{\c{s}} Constantinescu},
  title =        {Smarandache Notions},
  booktitle =    {Smarandache Notions},
  publisher =    {American Research Press},
  year =         2002,
  address =      {Rehoboth, NM, USA},
  isbn =         {1-931233-56-X},
  url =          {http://dl.acm.org/citation.cfm?id=773309},
  annote =       {Pdf vorhanden.}
}

@TechReport{Yuan2014Sp,
  author =       {Yi Yuan},
  title =        {On the primitive numbers of power $P$ and its asymptotic property},
  institution =  {viXra.org},
  year =         2014,
  number =       {viXra:1403.0350v1},
  month =        {March},
  url =          {http://vixra.org/abs/1403.0350},
  annote =       {Kleiner Zusatz zu \cite{WenpengLiu2002Smarandache}; Pdf vorhanden. Scheint bis auf Notationsunterschiede identisch mit \cite{FangchiYuan2014Sp}.}
}

@InCollection{FangchiYuan2014Sp,
  author =       {Liang Fangchi and Yi Yuan},
  title =        {The primitive numbers of power $P$ and its asymptotic property},
  booktitle =    {Research on Smarandache Problems in Number Theory (Collected papers)},
  crossref =     {Wenpeng2004SmarandacheProblems},
  pages =        {129--131}
}
@InCollection{Wenpeng2004PrimitiveNumber,
  author =       {Zhang Wenpeng},
  title =        {An arithmetic function and the primitive number of power $P$},
  booktitle =    {Research on Smarandache Problems in Number Theory (Collected papers)},
  crossref =     {Wenpeng2004SmarandacheProblems},
  pages =        {1--4}
}
@InCollection{Liping2004PrimitiveNumberTriangle,
  author =       {Ding Liping},
  title =        {On the primitive numbers of power $P$ and its triangle inequality},
  booktitle =    {Research on Smarandache Problems in Number Theory (Collected papers)},
  crossref =     {Wenpeng2004SmarandacheProblems},
  pages =        {37--38}
}
@InCollection{Minhui2004Asymptotic,
  author =       {Zhu Minhui},
  title =        {The additive analogue of {S}marandache simple functions},
  booktitle =    {Research on Smarandache Problems in Number Theory (Collected papers)},
  crossref =     {Wenpeng2004SmarandacheProblems},
  pages =        {39--41}
}
@Book{Wenpeng2004SmarandacheProblems,
  editor =       {Zhang Wenpeng},
  title =        {Research on Smarandache Problems in Number Theory (Collected papers)},
  booktitle =    {Research on Smarandache Problems in Number Theory (Collected papers)},
  publisher =    {Hexis},
  year =         2004,
  address =      {Phoenix, USA},
  isbn =         {1-931233-88-8},
  url =          {http://fs.gallup.unm.edu/wenpeng-book.pdf},
  annote =       {Pdf vorhanden.}
}

@InProceedings{YangFu2011FibonacciSmarandache,
  author =       {Hai Yang and Ruiqin Fu},
  title =        {An equation involving the {F}ibonacci numbers and {S}marandache primitive function},
  booktitle =    {International Conference on Multimedia Technology (ICMT 2011)},
  pages =        {1969--1972},
  year =         2011,
  doi =          {10.1109/ICMT.2011.6002510},
  annote =       {Pdf vorhanden; dubiose Konferenz, Artikel sieht aber in Ordnung aus.}
}

@Article{Xu2006SomeSp,
  author =       {Zhefeng Xu},
  title =        {Some arithmetical properties of primitive numbers of power $p$},
  journal =      {Scientia Magna},
  year =         2006,
  volume =       2,
  number =       1,
  pages =        {9--12},
  url =          {http://fs.gallup.unm.edu/SN/ScArt4/SomeArithmeticalProperties.pdf},
  annote =       {Pdf vorhanden.}
}


% %%%%%%%%%%%%%%%%%%
% % Meta-Fibonacci %
% %%%%%%%%%%%%%%%%%%


@Article{RuskeyDeugau2009MetaFibonacci,
  author =       {Frank Ruskey and Chris Deugau},
  title =        {The Combinatorics of Certain $k$-ary Meta-{F}ibonacci Sequences},
  journal =      {Journal of Integer Sequences},
  year =         2009,
  volume =       12,
  month =        {May},
  note =         {Article 09.4.3},
  url =          {http://cs.uwaterloo.ca/journals/JIS/VOL12/Ruskey/ruskey6.html},
  annote =       {Pdf vorhanden.}
}

@Article{JacksonRuskey2006MetaFibonacci,
  author =       {Brad Jackson and Frank Ruskey},
  title =        {Meta-{F}ibonacci Sequences, Binary Trees and Extremal Compact Codes},
  journal =      {The Electronic Journal of Combinatorics},
  year =         2006,
  volume =       13,
  number =       1,
  month =        {March},
  note =         {R26; Corrigendum November 2007},
  url =          {http://www.emis.de/journals/EJC/Volume_13/Abstracts/v13i1r26.html},
  annote =       {Pdf vorhanden.}
}

@InCollection{Conolly1989MetaFibonacci,
  author =       {B.W. Conolly},
  title =        {Meta-{F}ibonacci sequences (a letter from {B}.{W}.~{C}onolly)},
  crossref =     {Vajda1989Fibonacci},
  pages =        {127--138},
  chapter =      12
}
@Book{Vajda1989Fibonacci,
  author =       {Steven Vajda},
  title =        {Fibonacci and Lucas Numbers and the Golden Section},
  booktitle =    {Fibonacci and Lucas Numbers and the Golden Section},
  publisher =    {Dover Publications, Inc.},
  year =         2008,
  isbn =         {978-0-486-46276-9},
  note =         {Unabridged republication of the work originally published in 1989 by Ellis Horwood Limited, Chichester, England},
  annote =       {Vorhanden.}
}

@Article{DaltonRahmanTanny2011Spots,
  author =       {Barnaby Dalton and Mustazee Rahman and Stephen Tanny},
  title =        {Spot-Based Generations for Meta-{F}ibonacci Sequences},
  journal =      {Experimental Mathematics},
  year =         2011,
  volume =       20,
  number =       2,
  pages =        {129--137},
  month =        {October},
  doi =          {10.1080/10586458.2011.544565},
  annote =       {Pdf von http://arxiv.org/abs/1105.1797 vorhanden.}
}

@Article{Emerson2006MetaFibonacci,
  author =       {Emerson, Nathaniel D.},
  title =        {A Family of Meta-{F}ibonacci Sequences Defined by Variable-Order Recursions},
  journal =      {Journal of Integer Sequences},
  year =         2006,
  volume =       9,
  number =       1,
  pages =        {1--21},
  month =        {March},
  url =          {http://eudml.org/doc/53481},
  publisher =    {School of Computer Science, University of Waterloo, Waterloo},
  annote =       {Pdf vorhanden.}
}

@Article{Tanny1992Cousin,
  author =       {Stephen M. Tanny},
  title =        {A well-behaved cousin of the {H}ofstadter sequence},
  journal =      {Discrete Mathematics},
  year =         1992,
  volume =       105,
  number =       {1-3},
  pages =        {227--239},
  month =        {August},
  doi =          {10.1016/0012-365X(92)90145-6},
  annote =       {Pdf vorhanden.}
}

@Book{Hofstadter1979GEB,
  author =       {Douglas R. Hofstadter},
  title =        {G{\"{o}}del, Escher, Bach: An eternal golden braid},
  publisher =    {Basic Books},
  year =         1979,
  isbn =         0140055797,
  note =         {Pdf version with 801 pages, md5sum=``0cb32e8ea5dd2485f63842f5acffb3f0  GEBen.pdf''},
  url =          {http://www.physixfan.com/wp-content/files/GEBen.pdf},
  annote =       {Pdf vorhanden.}
}


% %%%%%%%%%%%%%%
% % Primzahlen %
% %%%%%%%%%%%%%%

@TechReport{Sharipov2011Sopfr,
  author =       {Ruslan Sharipov},
  title =        {A note on the $\mathrm{{S}opfr}(n)$ function},
  institution =  {arXiv},
  year =         2011,
  number =       {arXiv:1104.5235v1 [math.NT]},
  month =        {April},
  url =          {http://arxiv.org/abs/1104.5235},
  annote =       {Pdf vorhanden.}
}

@Article{Lever1989Integers,
  author =       {K.V. Lever},
  title =        {The Complexity of the Standard Form of an Integer: {P}roblem 89-11},
  journal =      {SIAM Review},
  year =         1989,
  volume =       31,
  number =       3,
  pages =        {493--494},
  month =        {September},
  doi =          {10.1137/1031096},
  annote =       {Pdf vorhanden.}
}

@Article{Borwein3Girgensohn1996Giuga,
  author =       {D. Borwein and J.M. Borwein and P.B. Borwein and R. Girgensohn},
  title =        {Giuga's conjecture on primality},
  journal =      {The American Mathematical Monthly},
  year =         1996,
  volume =       103,
  number =       1,
  pages =        {40--50},
  month =        {January},
  doi =          {10.2307/2975213},
  annote =       {Pdf von Vorversion vorhanden.}
}

@TechReport{Kellner2004Giuga,
  author =       {Bernd C. Kellner},
  title =        {The Equivalence of {G}iuga's and {A}goh's Conjectures},
  institution =  {arXiv},
  year =         2004,
  number =       {arXiv:math/0409259v1 [math.NT]},
  month =        {September},
  url =          {http://arxiv.org/abs/math/0409259},
  annote =       {Pdf vorhanden.}
}



% %%%%%%%%%%%%%%%%%%%%%%%%%%%%
% % Arithmetische Funktionen %
% %%%%%%%%%%%%%%%%%%%%%%%%%%%%

@Article{UfnarovskiAhlander2003DiffNumber,
  author =       {Victor Ufnarovski and Bo {\AA}hlander},
  title =        {How to Differentiate a Number},
  journal =      {Journal of Integer Sequences},
  year =         2003,
  volume =       6,
  pages =        {1--24},
  note =         {Article 03.3.4},
  url =          {https://cs.uwaterloo.ca/journals/JIS/VOL6/Ufnarovski/ufnarovski.html},
  annote =       {Pdf vorhanden.}
}

@Article{Kovic2012DiffNumber,
  author =       {Jurij Kovi{\v{c}}},
  title =        {The Arithmetic Derivative and Antiderivative},
  journal =      {Journal of Integer Sequences},
  year =         2012,
  volume =       15,
  pages =        {1--16},
  note =         {Article 12.3.8},
  url =          {https://cs.uwaterloo.ca/journals/JIS/VOL15/Kovic/kovic4.html},
  annote =       {Pdf vorhanden.}
}

@Article{ButskeJajeMayernik1999Pseudoperfect,
  author =       {William Butske and Lynda M. Jaje and Daniel R. Mayernik},
  title =        {On the equation {$\sum_{p \teilt N} \frac 1p + \frac 1N = 1$}, pseudoperfect numbers, and perfectly weighted graphs},
  journal =      {Mathematics of Computation},
  year =         1999,
  volume =       69,
  number =       229,
  pages =        {407--420},
  month =        {August},
  doi =          {10.1090/S0025-5718-99-01088-1},
  annote =       {Pdf vorhanden.}
}

@Article{GrauOller2012Giuga,
  author =       {Jos{\'{e}} Mar{\'{\i}}a Grau and Antonio M. Oller-Marc{\'{e}}n},
  title =        {Giuga Numbers and the Arithmetic Derivative},
  journal =      {Journal of Integer Sequences},
  year =         2012,
  volume =       15,
  pages =        {1--5},
  note =         {Article 12.4.1},
  url =          {https://cs.uwaterloo.ca/journals/JIS/VOL15/Oller/oller5.html},
  annote =       {Pdf vorhanden.}
}

