% Oliver Kullmann, 2.1.2003 (Swansea)

% %%%%%%%%%%
% % Adorno %
% %%%%%%%%%%

@Book{Adorno1963Eingriffe,
  author =	 {Theodor W. Adorno},
  title = 	 {Eingriffe: Neun kritische Modelle},
  publisher = 	 {Suhrkamp Verlag},
  year = 	 1963,
  volume =	 10,
  series =	 {edition suhrkamp},
  address =	 {Frankfurt am Main},
  note =	 {Sonderausgabe zum 40j\"ahrigen Bestehen der edition suhrkamp; ISBN 3-518-12430-7},
  annote =	 {Vorhanden.}
}

@Book{AdornoArchiv2003Bildmonographie,
  author = 	 {Theodor W. Adorno Archiv},
  ALTeditor = 	 {},
  title = 	 {Adorno. Eine Bildmonographie},
  publisher = 	 {Suhrkamp},
  year = 	 {2003},
  OPTkey = 	 {},
  OPTvolume = 	 {},
  OPTnumber = 	 {},
  OPTseries = 	 {},
  address = 	 {Frankfurt am Main},
  OPTedition = 	 {},
  OPTmonth = 	 {},
  OPTnote = 	 {},
  OPTannote = 	 {Zu besorgen.}
}

% %%%%%%%%%
% % Zizek %
% %%%%%%%%%

@Book{Zizek1996Schelling,
  author =       {Slavoj {\v{Z}}i{\v{z}}ek},
  title =        {The Indivisible Remainder: On Schelling and related matters},
  publisher =    {Verso},
  year =         1996,
  address =      {London},
  note =         {ISBN 1-84467-581-5; this edition published by Verso 2007},
  annote =       {Vorhanden.}
}

@Book{Zizek2008Violence,
  author =       {Slavoj {\v{Z}}i{\v{z}}ek},
  title =        {Violence: Six Sideways Reflections},
  publisher =    {Profile Books},
  year =         2008,
  series =       {Big Ideas},
  note =         {ISBN 978 1 84668 017 5},
  annote =       {Vorhanden.}
}

@Book{Zizek2006Parallax,
  author =       {The Parallax View},
  title =        {Slavoj {\v{Z}}i{\v{z}}ek},
  publisher =    {The MIT Press},
  year =         2006,
  series =       {Short Circuits},
  note =         {ISBN 0-262-24051-3},
  annote =       {Vorhanden.}
}

@Book{Zizek2002Enjoyment,
  author =       {Slavoj {\v{Z}}i{\v{z}}ek},
  title =        {For they know not what they do: Enjoyment as a political factor},
  publisher =    {Verso},
  year =         2002,
  series =       {Phronesis},
  edition =      {Second},
  note =         {ISBN 1-85984-460-X; first published 1991; now with added foreword by Slavoj {\v{Z}}i{\v{z}}ek},
  annote =       {Vorhanden.}
}

@Book{Zizek1993HysterikerHegel,
  author =       {Slavoj {\v{Z}}i{\v{z}}ek},
  title =        {Psychoanalyse und die Philosophie des deutschen Idealismus: I.~Der erhabenste aller Hysteriker II.~Verweilen beim Negativen},
  publisher =    {Verlag Turia + Kant},
  year =         2008,
  note =         {ISBN 978-3-85132-500-3; Teil I aus dem Franz\"osischen von Isolde Charim (Original 1989), Teil II aus dem Englischen von Lydia Marinelli (Original 1993)},
  annote =       {Vorhanden.}
}

@Book{Zizek2009Farce,
  author =       {Slavoj {\v{Z}}i{\v{z}}ek},
  title =        {First as tragedy, then as farce},
  publisher =    {Verso},
  year =         2009,
  note =         {ISBN 978-1-84467-428-2},
  annote =       {Vorhanden.}
}

@Book{Zizek2008Verloren,
  author =       {Slavoj {\v{Z}}i{\v{z}}ek},
  title =        {Auf verlorenem Posten},
  publisher =    {Suhrkamp Verlag},
  year =         2009,
  volume =       {2562},
  series =       {Edition Suhrkamp},
  note =         {ISBN 978-3-518-12562-5; Englishes Original \Qu{In Defence of Lost Causes}, 2008, \"Ubersetzung Frank Born},
  annote =       {Vorhanden.}
}

@Book{Zizek2008Suspensioin,
  author =       {Slavoj {\v{Z}}i{\v{z}}ek},
  title =        {Die politische Suspension des Ethischen},
  publisher =    {Suhrkamp Verlag},
  year =         2005,
  volume =       {2412},
  series =       {Edition Suhrkamp},
  note =         {ISBN 978-3-518-12412-3; Englishes Original \Qu{???}, 200?, \"Ubersetzung Jens Hagestedt},
  annote =       {Vorhanden.}
}

@Book{ZizekMilbank2009Christ,
  author =       {Slavoj {\v{Z}}i{\v{z}}ek and John Milbank},
  title =        {The monstrosity of Christ: paradox or dialectic?},
  publisher =    {The MIT Press},
  year =         2009,
  note =         {ISBN 978-0-262-01271-3; edited by Creston Davis},
  annote =       {Vorhanden.}
}

@Book{BadiouZizek2005Aktualitaet,
  author =       {Alain Badiou and Slavoj {\v{Z}}i{\v{z}}ek},
  title =        {Philosophie und Aktualit{\"a}t: Ein Streitgespr{\"a}ch},
  publisher =    {Passagen Verlag},
  year =         2005,
  note =         {ISBN 3-85165-673-3; aus dem Franz\"osischen und Englischen von Maximilian Probst und Sebastian Raedler},
  annote =       {Vorhanden.}
}

% International Journal of Zizek Studies

@Article{Dean2009Internet,
  author =       {Jodi Dean},
  title =        {The {R}eal Internet},
  journal =      {International Journal of Zizek Studies},
  year =         2009,
  volume =       4,
  number =       1,
  pages =        {1-22},
  annote =       {Pdf-Datei vorhanden.}
}

@Article{Vighi2009PractisingTheory,
  author =       {Fabio Vighi},
  title =        {On Practising Theory: Some Remarks on {A}drian {J}ohnston's \emph{Badiou, {\v{Z}}i{\v{z}}ek, and Political Transformations}},
  journal =      {International Journal of Zizek Studies},
  year =         2009,
  volume =       4,
  number =       1,
  pages =        {1-6},
  annote =       {Pdf-Datei vorhanden.}
}

% %%%%%%%%%%
% % Badiou %
% %%%%%%%%%%

@Book{Badiou2002Paulus,
  author =       {Alain Badiou},
  title =        {Paulus: Die Begr{\"u}ndung des Universalismus},
  publisher =    {sequenzia Verlag},
  year =         2002,
  note =         {ISBN 3-936488-00-2; aus dem Franz\"osischen (1977) von Heinz Jatho},
  annote =       {Vorhanden.}
}

@Book{Badiou2003Geschrei,
  author =       {Alain Badiou},
  title =        {Deleuze: Das Geschrei des Seins},
  publisher =    {diaphanes},
  year =         2003,
  note =         {ISBN 3-935300-33-6; aus dem Franz\"osischen (1997) von Gernot Kamecke},
  annote =       {Vorhanden.}
}

@Book{Badiou2003Meta,
  author =       {Alain Badiou},
  title =        {\"Uber Metapolitik},
  publisher =    {diaphanes},
  year =         2003,
  note =         {ISBN 3-935300-39-5; aus dem Franz\"osischen (1998) von Heinz Jatho},
  annote =       {Vorhanden.}
}

@Book{Badiou2008Sarkozy,
  author =       {Alain Badiou},
  title =        {Wof\"ur steht der Name Sarkozy?},
  publisher =    {diaphanes},
  year =         2008,
  note =         {ISBN 978-3-03734-041-7; aus dem Franz\"osischen (2007) von Heinz Jatho},
  annote =       {Vorhanden.}
}

@Book{Badiou2006Jahrhundert,
  author =       {Alain Badiou},
  title =        {Das Jahrhundert},
  publisher =    {diaphanes},
  year =         2006,
  note =         {ISBN-10 3-935300-88-3; aus dem Franz\"osischen (2005) von Heinz Jatho},
  annote =       {Vorhanden.}
}

@Book{Badiou2009Subjekt,
  author =       {Alain Badiou},
  title =        {Theory of the Subject},
  publisher =    {Continuum International},
  year =         2009,
  note =         {ISBN 978-0-8264-9673-7; first published 1982; translated, and with an introduction, by Bruno Bosteels},
  annote =       {Vorhanden.}
}

@Book{Badiou2009Pantheon,
  author =       {Alain Badiou},
  title =        {Pocket Pantheon},
  publisher =    {Verso},
  year =         2009,
  note =         {ISBN-13: 978-1-84467-357-5; first published in French 2008, translated by David Macey},
  annote =       {Vorhanden.}
}

@Book{Badiou2007ConceptModel,
  author =       {Alain Badiou},
  title =        {The Concept of Model: An Introduction to the Materialist Epistemology of Mathematics},
  publisher =    {re.press},
  year =         2007,
  address =      {Melbourne, Australia},
  note =         {ISBN 978-0-9803052-3-4; edited and translated by Zachary Luke Fraser and Tzuchien Tho; original text 1968},
  annote =       {Vorhanden.}
}

@Book{Badiou2005SeinEreignis,
  author =       {Alain Badiou},
  title =        {Das Sein und das Ereignis},
  publisher =    {diaphanes},
  year =         2005,
  note =         {ISBN 3-935300-40-9; Original 1988},
  annote =       {Vorhanden.}
}

@Book{Badiou2008Numbers,
  author =       {Alain Badiou},
  title =        {Number and Numbers},
  publisher =    {Polity Press},
  year =         2008,
  note =         {ISBN-13: 978-07456-3879-9; first published in 1990, translated by Robin Mackay},
  annote =       {Vorhanden.}
}

@Book{Badiou2006Worlds,
  author =       {Alain Badiou},
  title =        {Logic of Worlds: Being and Event II},
  publisher =    {Continuum},
  year =         2009,
  note =         {ISBN-13 978-0-8264-9470-2; translated by Alberto Toscano; originally published 2006},
  annote =       {Vorhanden.}
}

@Book{Badiou2008Wittgenstein,
  author =       {Alain Badiou},
  title =        {Wittgensteins Antiphilosophie},
  publisher =    {Diaphanes},
  year =         2008,
  note =         {ISBN 978-3-03734-022-6; Original \Qu{L'antiphilosophie de Wittgenstein}, 2007, \"Ubersetzung durch Heinz Jatho},
  annote =       {Vorhanden.}
}

@Book{Hallward2003Badiou,
  author =       {Peter Hallward},
  title =        {Badiou: a Subject to Truth},
  publisher =    {University of Minnesota Press},
  year =         2003,
  note =         {ISBN 0-8166-3461-0},
  annote =       {Vorhanden.}
}

@Book{Feltham2008Badiou,
  author =       {Oliver Feltham},
  title =        {Alain Badiou: Live Theory},
  publisher =    {Continuum},
  year =         2008,
  note =         {ISBN-13 978-0-8264-9693-5},
  annote =       {Vorhanden.}
}

% %%%%%%%%%%%%%%%%%%%%

@Book{PhoWri1999,
  author =	 {Sophia Phoca and Rebecca Wright},
  title = 	 {Introducing Postfeminism},
  publisher = 	 {Icon Books Ltd},
  year = 	 1999,
  address =	 {Grange Road, Duxford, Cambridge CB2 4QF, UK},
  note =	 {ISBN 1840460105},
  annote =	 {Vorhanden.}
}

@Book{ColMay2000,
  author =	 {Jeff Collins and Bill Mayblin},
  title = 	 {Introducing Derrida},
  publisher = 	 {Icon Books Ltd},
  year = 	 2000,
  address =	 {Grange Road, Duxford, Cambridge CB2 4QF, UK},
  note =	 {ISBN 1-84046-118-7},
  annote =	 {Vorhanden.}
}


@Book{Thomassen2006DerridaHabermas,
  editor =       {Lasse Thomassen},
  title =        {The Derrida-Habermas Reader},
  publisher =    {Edinburgh University Press},
  year =         2006,
  note =         {ISBN 0-7486-2250-0},
  annote =       {Vorhanden.}
}

@Book{Sartre1986Lesebuch,
  editor =       {Traugott K{\"{o}}nig},
  title =        {Jean-Paul Sartre: Den Menschen erfinden (Ein Lesebuch)},
  publisher =    {Rowohlt},
  year =         1986,
  annote =       {Bei Markus Fuchs gelesen.}
}

@Book{Foucault1970OrderThings,
  author =       {Michel Foucault},
  title =        {The Order of Things: An archaeology of the human sciences},
  publisher =    {Routledge},
  year =         2002,
  note =         {ISBN 0-415-26737-4; original ``Les Mots et les choses'', 1966; and English translation 1970},
  annote =       {Vorhanden.}
}

@Book{Fichte1794Wissenschaftslehre,
  author =       {Johann Gottlieb Fichte},
  title =        {Grundlage der gesamten Wissenschaftslehre (1794)},
  publisher =    {Felix Meiner Verlag},
  year =         1997,
  volume =       246,
  series =       {Philosophische Bibliothek},
  address =      {Hamburg},
  note =         {ISBN 3-7873-1334-6},
  annote =       {Vorhanden.}
}

@Book{Frank1985EinfuehrungSchelling,
  author =       {Manfred Frank},
  title =        {Eine Einf\"uhrung in Schellings Philosophie},
  publisher =    {Suhrkamp},
  year =         1985,
  volume =       520,
  series =       {suhrkamp taschenbuch wissenschaft},
  note =         {ISBN 3-518-28120-8},
  annote =       {Vorhanden.}
}

@Book{Schelling1800SystemIdealismus,
  author =       {Friedrich Wilhelm Joseph Schelling},
  title =        {System des transzendentalen Idealismus},
  publisher =    {Felix Meiner Verlag},
  year =         2000,
  volume =       448,
  series =       {Philosophische Bibliothek},
  address =      {Hamburg},
  note =         {ISBN 3-7873-1465-2},
  annote =       {Vorhanden.}
}

@Book{Mao2007Tsisek,
  author =       {Mao Tse-Tung},
  title =        {Slavoj {\v{Z}}i{\v{z}}ek presents: Mao --- On Practice and Contradiction},
  publisher =    {Verso},
  year =         2007,
  note =         {ISBN-13 978-1-84467-587-6},
  annote =       {Vorhanden.}
}

@Book{Singer2000Marxismus,
  author =       {Peter Singer},
  title =        {Marx: A Very Short Introduction},
  publisher =    {Oxford University Press},
  year =         2000,
  note =         {ISBN 978-0-19-285405-6; first published 1980},
  annote =       {Vorhanden.}
}

@Book{Althusser1969PourMarx,
  author =       {Louis Althusser},
  title =        {For Marx},
  publisher =    {Verso},
  year =         2005,
  series =       {Radical Thinkers},
  note =         {ISBN 1-84467-052-X; originally published as ``Pour Marx'', 1965, first published in English 1969},
  annote =       {Vorhanden.}
}

@Book{Dews1987Disintegration,
  author =       {Peter Dews},
  title =        {Logics of Disintegration: Post-structuralist Thought and the Claims of Critical Theory},
  publisher =    {Verso},
  year =         2007,
  series =       {Radical Thinkers},
  address =      {London},
  note =         {ISBN-10 1-84467-574-2; first published 1987},
  annote =       {Vorhanden.}
}

@Book{Haug2006Kapital,
  author =       {Wolfgang Fritz Haug},
  title =        {Neue Vorlesungen zur Einf\"uhrung ins \begin{otherlanguage}{french}{\fg{}Kapital\og}\end{otherlanguage}},
  publisher =    {Argument-Verlag},
  year =         2006,
  note =         {ISBN 3-88619-330-6},
  annote =       {Vorhanden.}
}

@Book{Ludwig1997HegelAnfaenger,
  author =       {Ralf Ludwig},
  title =        {Hegel f\"ur Anf\"anger: Ph\"anomenologie des Geistes --- Eine Lese-Einf\"uhrung},
  publisher =    {Deutscher Taschenbuch Verlag},
  year =         1997,
  edition =      {},
  note =         {6.\ Auflage April 2009; ISBN 978-3-423-30125-1},
  annote =       {Vorhanden.}
}

% %%%%%%%%%%%%%%%%%%%%%%%%%%%%%%
% % Philosophie der Mathematik %
% %%%%%%%%%%%%%%%%%%%%%%%%%%%%%%

% Im Vergleich zu "PhiloMath.bib" hier mehr philosophisch Orientiertes.

@Article{NickelRottmann2006Bill,
  author =       {Gregor Nickel and Michael Rottmann},
  title =        {Mathematische {K}unst: {M}ax {B}ill in {S}tuttgart},
  journal =      {DMV-Mitteilungen},
  year =         2006,
  volume =       14,
  number =       3,
  pages =        {150-159},
  annote =       {Zeitschrift vorhanden.}
}

% Siehe oben die Werke von Alain Badiou

